3592 4942
1669 236 2027 330 2416...-

617 434 741 494 que
793 412 1064 490 varium,
1112 403 1418 487 flexibile,
1462 411 1815 496 multiplex,
1867 411 2491 496 praestantissimum
2532 409 2807 495 denique
2860 406 3049 497 inge-

617 526 793 586 nium
829 521 1211 587 admiratum
1247 541 1409 596 esse,
1447 519 1614 604 quod
1665 521 1871 585 conici
1918 522 2111 585 etiam
2144 527 2357 606 potest
2405 540 2486 584 ex
2520 519 2843 584 nonnullis
2891 520 3050 585 locis

621 634 918 698 [Jarminis
947 631 1024 696 de
1053 632 1297 696 Rerum
1323 636 1577 705 natura,
1607 629 1838 713 quibus
1863 631 2248 715 perspicuae
2277 637 2429 695 sunt
2454 630 2841 694 imitationes
2870 630 3054 695 Arati

617 740 932 826 poematis
967 759 1003 803 a
1039 739 1357 803 Cicerone
1393 739 1454 800 in
1490 738 1787 802 Latinum
1824 758 2183 804 sermonem
2219 739 2524 804 conversi
2556 735 2660 822 (cf.
2695 758 2753 821 p.
2794 738 2876 802 18
2903 737 3049 821 sq.).

617 850 741 914 :fied
797 870 873 914 na
921 848 1046 912 hac
1097 847 1349 932 quidem
1401 866 1472 911 re
1520 847 1702 910 nobis
1752 848 2011 912 videtur
2060 834 2400 912 Lucretius
2459 846 2696 911 oblitus
2747 866 2892 910 esse
2942 847 3051 910 Ci-

617 977 916 1022 ceronem
952 958 1313 1042 Epicureae
1349 955 1682 1020 doctrinae
1718 955 2165 1022 adversarium
2210 957 2520 1020 extitisse.
2660 955 2906 1019 Munro·
2941 961 3048 1019 ta-

613 1090 761 1134 men
809 1073 1028 1130 censet
1060 1071 1316 1150 poetam
1351 1065 1542 1128 morti
1575 1065 1943 1149 proximum
1978 1085 2011 1129 a
2054 1064 2371 1130 Cicerone
2404 1063 2681 1149 petiisse,
2733 1073 2801 1128 ut
2840 1062 3050 1132 ,libros

617 1178 693 1242 tle
749 1196 962 1242 rerum
1004 1180 1236 1240 natura
1265 1173 1681 1251 emendaret3
1731 1175 2109 1240 Ciceronem
2159 1195 2340 1250 vere,
2374 1180 2443 1238 ut
2476 1174 2808 1238 morientis
2857 1193 3048 1239 man-

617 1289 767 1350 data
825 1285 1126 1360 efficeret,
1171 1304 1315 1350 cum
1373 1283 1524 1348 nihil
1580 1285 1642 1348 in
1701 1286 1983 1360 carmine
2033 1279 2438 1359 mutavisset,
2498 1283 2759 1350 editioni
2818 1305 3048 1348 nomen

617 1401 861 1458 tautum
919 1391 1193 1457 dedisse.
1335 1392 1751 1476 Compertum
1802 1393 1999 1477 igitur
2048 1400 2145 1456 est
2178 1394 2412 1457 Munro
2449 1392 2825 1476 Hieronymi
2861 1392 3047 1455 testi-—

617 1510 896 1566 monium
960 1501 1174 1566 multis
1241 1507 1490 1566 tantum
1557 1502 2045 1585 exceptionibus
2103 1503 2322 1587 sequi3
2366 1507 2785 1593 ,quapropter
2841 1501 3047 1585 magis

597 1614 950 1698 “magisque
999 1611 1084 1676 ad*
1129 1612 1264 1676 eius
1314 1612 1700 1676 sententiam
1751 1610 2170 1681 refellendam
2219 1611 2600 1674 inducimur.
2740 1609 2874 1674 Nos
2925 1607 3045 1672 de-

601 1726 829 1806 ·nique,
881 1722 1279 1808 argumentis
1323 1741 1518 1806 supra
1568 1720 1799 1786 adlatis
1844 1721 2069 1796 innixi,
2120 1720 2388 1785 firmiter
2435 1721 2875 1808 existimamus
2926 1717 3041 1784 Ci-

601 1816 923 1933 {nemnem
969 1830 1340 1898 Lucretiam
1373 1829 1675 1898 carminis
1725 1829 2204 1896 emendatorem
2240 1848 2366 1894 non
2399 1827 2621 1900 fuisse.

1773 2048 1884 2114 IV.

797 2264 982 2342 Quod
1043 2269 1244 2354 igitur
1305 2265 1745 2355 Hieronymus
1804 2268 1880 2334 de
1940 2269 2227 2335 Lucretii
2280 2274 2575 2354 poemate
2632 2288 2667 2333 a
2726 2268 3038 2334 Cicerone

621 2382 959 2446 eiiieiitlato
1009 2382 1237 2447 asserit
1285 2389 1382 2447 est
1428 2383 1726 2448 veritatis
1775 2402 2029 2467 expers
2172 2383 2580 2447 Ostendimus
2629 2401 2789 2448 vero
2841 2379 3036 2444 fabu-

621 2494 741 2554 lam
793 2494 961 2556 illam
1013 2493 1478 2580 Hieronymum
1514 2515 1594 2559 ex
1645 2495 1935 2560 Suetonii
1983 2493 2146 2557 libro
2207 2494 2571 2569 deduxisse,
2624 2513 2699 2558 ac
2748 2493 3040 2559 Suetonii

617 2604 1008 2686 tetiiperibus
1057 2605 1182 2668 iam
1233 2626 1374 2670 esse
1411 2605 1887 2690 pervulgatam.
2028 2606 2439 2670 Postremum
2482 2624 2712 2668 munus
2747 2611 3039 2668 nostrum

617 2714 737 2778 erit
773 2714 1113 2798 diligenter
1146 2717 1490 2797 exquirere
1525 2736 1651 2800 qua
1687 2717 1938 2781 ratione
1972 2716 2140 2779 inter
2181 2714 2405 2780 doctos
2440 2717 2617 2780 viros
2664 2713 2769 2778 ille
2820 2734 3043 2778 rumor

617 2824 1030 2888 increbuerit.
1149 2826 1238 2888 De
1274 2832 1559 2908 tempore
1597 2845 1723 2909 quo
1769 2826 1943 2889 nasci
1974 2827 2197 2909 potuit,
2234 2824 2388 2888 nihil
2423 2824 2709 2909 profecto
2748 2843 3040 2895 asserere

617 2934 801 2994 nuliis
849 2934 1036 3009 licet;
1085 2932 1198 2997 sed
1249 2934 1326 2997 de
1375 2934 1499 2997 hoc
1550 2939 1799 2998 tantum
1851 2936 2164 2999 certiores
2206 2933 2359 2998 facti
2408 2953 2647 3018 sumus,
2700 2933 2878 2997 initio
2930 2954 3041 2996 se-

617 3046 809 3106 rumli
841 3044 1079 3108 saeculi
1113 3052 1257 3129 post
1286 3045 1438 3110 Chr.
1468 3066 1528 3109 n.
1565 3046 1733 3110 inter
1770 3046 1995 3111 doctos
2016 3045 2527 3116 ‚homines-illum
2562 3046 2684 3109 iam
2717 3046 3037 3132 viguisse3

617 3162 829 3218 utrum
881 3172 1036 3218 vero
1087 3171 1162 3216 ea
1192 3172 1294 3241 ¹an
1331 3154 1662 3237 superiore
1711 3160 1923 3218 aetate
1959 3156 2211 3218 initium·
2241 3153 2603 3239 sumpserit,
2649 3153 2818 3216 haud
2853 3152 3042 3236 plane

617 3270 886 3328 cunstat.
1026 3264 1437 3348 Quapropter
1463 3263 1540 3328 de
1569 3264 1690 3328 hac
1727 3284 1794 3327 re
1824 3265 2088 3328 missum
2115 3263 2402 3329 facimus
2540 3261 3043 3346 Investigandae

613 3374 825 3458 patius
873 3381 1022 3438 sunt
1080 3393 1316 3438 causae
1366 3374 1470 3439 vel
1508 3375 1902 3452 occasioneS‚
1954 3394 2120 3456 quae
2171 3375 2501 3440 Romanos
2551 3371 2630 3436 ad
2680 3371 2851 3436 illam
2894 3372 3040 3456 opi-

617 3490 869 3550 nionem
922 3485 1243 3550 duxerint.

797 3598 926 3662 lam
975 3597 1250 3663 vidimus
1302 3599 1536 3674 omnia,
1588 3619 1753 3683 quae
1818 3598 1895 3663 de
1960 3599 2243 3664 Lucretii
2292 3605 2498 3663 morte
2562 3597 2749 3662 nobis
2806 3595 3041 3661 tradita

617 3714 809 3778 aaut,
861 3706 1032 3770 haud
1081 3707 1237 3771 satis
1285 3708 1624 3791 perspicua
1683 3707 1786 3772 vel
1839 3707 2050 3790 potius
2118 3707 2372 3770 minime
2439 3704 2563 3770 fide
2615 3705 2811 3791 digna
2875 3725 3038 3770 esse.

617 3814 813 3878 {ji-edi
861 3814 1048 3878 etiam
1103 3819 1315 3897 potest
1377 3815 1549 3897 ipsos
1613 3814 1959 3890 RomanOS,
2028 3815 2333 3880 Suetonio
2385 3811 2712 3895 aequales,
2762 3811 2839 3876 de
2902 3812 3037 3875 Lu-

617 3922 801 3982 urani
855 3921 984 3986 vita
1035 3923 1098 3984 in
1150 3920 1340 3986 dubio
1391 3920 1610 3985 fuisse.
1751 3922 2112 3998 Lucretius,
2164 3928 2234 3986 ut
2282 3922 2451 3986 inter
2498 3941 2719 3986 omnes
2770 3924 3042 3993 constat,

617 4050 777 4110 tipus
829 4048 1011 4092 suum
1062 4029 1384 4114 perpolire
1435 4051 1560 4094 non
1612 4031 1862 4116 potuit3
1913 4030 1977 4093 id
2025 4031 2369 4115 praecipue
2420 4029 2744 4114 colligitur
2791 4049 2874 4092 ex
2922 4026 3045 4092 fre-

621 4142 958 4226 quentibus
1004 4124 1488 4219 it'erationibus3
1536 4162 1770 4207 versus
1806 4141 2090 4206 925-919
2115 4142 2256 4206 libri
2292 4144 2493 4226 primi,
2532 4147 2601 4206 ut
2635 4140 3044 4226 perspicuum

621 4250 981 4330 exemplum
1017 4247 1447 4325 adducamus,
1473 4251 1706 4315 iterum
1740 4251 2013 4337 legimus
2046 4252 2222 4316 initio
2258 4252 2406 4316 libri
2438 4253 2649 4336 quarti
2682 4250 2816 4336 (vv.
2846 4251 3041 4334 1-25).

621 4358 845 4442 Neque
892 4359 956 4423 in
1002 4357 1194 4423 dubio
1239 4361 1461 4425 vocari
1496 4365 1710 4446 potest
1757 4363 1909 4445 quin
1956 4367 2212 4429 veteres
2261 4361 2666 4449 grammatici
2700 4382 2929 4427 versus
2978 4362 3043 4425 in

617 4478 891 4554 utraque
939 4470 1104 4536 libro
1154 4470 1453 4557 legerint,
1505 4490 1648 4536 cum
1699 4491 1811 4537 eos
1861 4470 2211 4541 adtulerint
2260 4473 2551 4560 adposito
2587 4492 2855 4541 numero
2904 4472 3041 4537 sive
