3592 4942
1714 216 2073 288 ...14-

673 362 857 434 lenda
901 374 1068 448 sunt,
1104 372 1387 437 attamen
1437 389 1517 438 ne
1550 371 1762 438 omnia
1812 370 2065 458 quidem
2115 368 2570 459 adprobanda;
2618 369 2733 440 sed
2782 370 2861 441 de
2911 373 3106 442 omni·

673 482 809 554 bns,
865 502 1054 566 qnam
1102 483 1459 549 rectissime
1506 482 1673 561 licet,
1722 483 2024 550 iudicium
2071 484 2245 550 ferre
2296 504 2457 570 opus
2507 490 2625 550 est.

853 594 949 658 nd
997 612 1180 657 suam
1229 595 1611 658 sententiam
1663 595 1869 680 magis
1906 596 2239 680 magisque
2288 590 2797 660 confirmandam
2847 614 3099 660 memo·-

669 706 837 770 ravit
887 706 1108 790 Bergk
1144 705 1208 790 (l.
1245 706 1306 782 l.,
1342 727 1402 790 p.
1436 707 1505 790 5)
1554 707 1790 772 multos
1839 709 2170 774 Romanos
2218 710 2571 793 scriptores
2622 729 2853 773 munus
2893 728 3105 773 emen-

673 814 969 878 daturum
1016 832 1293 899 operum·
1326 815 1678 880 amicorum
1714 816 2097 901 suscepisse,
2134 823 2199 881 et
2230 817 2612 882 Ciceronem
2656 818 2862 901 ipsum
2908 802 3100 892 ⁴usum

669 946 809 990 esse
861 945 1054 1010 opera
1099 931 1160 990 et
1194 927 1460 991 consilio
1505 928 1843 1012 Pomponii
1879 929 2077 993 Attici
2108 928 2171 992 in
2206 930 2338 993 suis
2372 928 2552 994 libris
2587 929 3003 995 emendandis
3041 932 3102 993 et

673 1034 949 1098 edendis.
1074 1037 1301 1119 Neque
1348 1038 1780 1121 gravissimus
1830 1039 2091 1103 criticus
2139 1039 2392 1104 silentio
2442 1040 2776 1124 praeteriit
2823 1041 3094 1104 Cicero-

673 1170 813 1210 nen]
865 1146 945 1210 ad
994 1148 1278 1212 Atticum
1327 1148 1665 1232 scripsisse
1719 1150 1819 1234 (11,
1869 1149 1969 1223 16,
2008 1150 2073 1233 4)
2126 1149 2204 1215 de
2254 1149 2699 1215 emendatione
2746 1149 3099 1214 Annalium
3196 1159 3198 1162 ⁴

673 1258 889 1330 Quinti
938 1256 1194 1320 fratris:
1236 1277 1273 1320 <‹
1299 1306 1313 1320 .
1338 1306 1388 1321 ..
1426 1257 1508 1320 ita
1546 1276 1772 1321 rursus
1808 1258 2089 1333 remittit,
2124 1264 2195 1322 ut
2230 1249 2516 1324 Annales
2566 1278 2718 1322 suos
2766 1257 3100 1321 emendem

673 1374 733 1426 et
781 1366 984 1430 edam.
1013 1386 1050 1428 »
1106 1407 1111 1415 ·
1177 1365 1407 1430 Cicero
1444 1372 1656 1430 tamen
1693 1387 1821 1432 non
1856 1366 2158 1433 adfirmat
2194 1368 2478 1433 Annales
2513 1367 2733 1432 fratris
2768 1388 2837 1432 se
2872 1387 3099 1432 emen-

669 1474 945 1550 itavisse,
995 1496 1205 1560 neque
1253 1477 1489 1540 asserit
1538 1477 1657 1540 sibi
1707 1477 1766 1540 in
1818 1479 2031 1542 animo
2082 1498 2224 1543 esse
2272 1477 2397 1543 hoc
2446 1497 2714 1542 munere
2750 1476 2951 1562 fungi,
2988 1477 3099 1541 sed

669 1594 913 1650 tantuin
965 1586 1116 1650 dicit
1159 1586 1469 1661 Quintum
1501 1605 1536 1650 a
1572 1606 1642 1649 se
1691 1587 1953 1668 petiisse
2002 1593 2073 1651 ut
2110 1587 2394 1652 Annales
2429 1584 2805 1652 emendaret
2838 1591 2903 1649 et
2937 1583 3094 1648 ede-

669 1702 805 1770 ret3
857 1694 1026 1778 quod
1075 1696 1262 1760 nobis
1313 1715 1441 1759 non
1494 1699 1767 1768 constat,
1817 1694 2041 1760 fecerit
2090 1697 2353 1761 Marcus
2402 1716 2624 1761 necne.
2763 1694 3099 1759 Neminem

669 1814 1006 1886 praeterea
1055 1803 1239 1890 fugit,
1291 1811 1604 1890 quantum
1655 1805 1906 1870 intersit
1960 1806 2127 1870 inter
2174 1806 2688 1871 emendationem
2753 1804 3099 1869 Annalium

669 1914 889 1978 fratris
925 1922 984 1978 et
1018 1913 1323 1979 carminis
1359 1914 1663 1987 Lucretii,
1698 1913 1880 1978 cuius
1916 1915 2106 1978 etiam
2139 1914 2541 1979 familiaritas
2576 1933 2724 1978 curn
2756 1913 2840 1977 M.
2886 1912 3097 1976 Tullio

669 2022 857 2090 dubia
909 2031 1026 2090 est.
1166 2026 1478 2102 Quamvis
1527 2030 1742 2088 autem
1775 2025 2028 2109 penitus
2062 2033 2465 2110 perspectum
2500 2024 2815 2109 planeque
2866 2025 3095 2109 cogni-

669 2142 801 2198 tum
837 2154 961 2198 nnn
998 2135 1078 2198 sit
1113 2139 1569 2218 argumentum
1606 2133 1778 2218 quod
1828 2134 2105 2208 Quintus
2155 2134 2513 2199 Annalibus
2562 2133 2967 2208 tractaverit,
3017 2133 3097 2197 ab

669 2242 1076 2326 inscriptione
1126 2248 1342 2307 tamen
1389 2241 1536 2306 licet
1571 2242 1890 2324 suspicari
1937 2241 2091 2307 illud
2141 2242 2223 2307 ad
2258 2243 2632 2308 historicum
2672 2261 2875 2326 genus
2908 2243 3098 2326 perti·

669 2350 905 2426 fluisse,
941 2357 1004 2415 et
1036 2348 1178 2415 ideo
1215 2370 1358 2415 cum
1395 2338 1725 2416 Ciceronis
1759 2351 2046 2416 moribus
2080 2346 2273 2437 atque
2308 2351 2615 2416 institutis
2648 2369 2919 2436 prorsus
2955 2369 3099 2443 con-

669 2478 945 2542 grutae-e.

845 2570 1153 2638 Sciebant
1186 2571 1432 2638 Romae
1465 2571 1758 2636 homines
1793 2571 1963 2636 docti
1998 2573 2063 2635 in
2098 2572 2335 2655 vulgus
2371 2570 2663 2635 emittere
2697 2589 2876 2655 opus,
2925 2569 3096 2654 quod

669 2679 1003 2746 defunctus
1038 2682 1284 2748 amicus
1318 2682 1701 2768 reliquisset.
1769 2761 1774 2768 .
1831 2681 2153 2748 Aeneidos
2203 2682 2369 2755 libri,
2424 2687 2494 2745 ut
2542 2680 2842 2744 omnibus
2874 2687 3094 2745 notum

669 2798 785 2866 est,
821 2810 857 2854 a
893 2794 1103 2855 Tucca
1139 2796 1204 2854 et
1233 2790 1432 2856 Vario
1466 2796 1611 2874 post
1643 2791 1909 2876 Vergilii
1949 2797 2221 2854 mortem
2256 2788 2407 2854 editi
2442 2794 2591 2852 sunt
2622 2808 2660 2852 «
2685 2789 2806 2852 sub
2841 2787 2987 2872 lege
3022 2808 3095 2851 ea

673 2906 737 2962 nt
785 2898 937 2962 nibil
973 2897 1345 2963 adderent»
1384 2897 1676 2983 (Hieron.
1710 2898 1955 2964 Eat-seb.
2003 2898 2157 2963 Clw.
2196 2896 2277 2962 ad
2311 2916 2367 2961 a.
2403 2895 2597 2981 737);
2646 2915 2837 2979 quam
2885 2895 3096 2980 legem

669 3006 1021 3090 putandum
1078 3013 1178 3070 est
1225 3005 1607 3071 Ciceronem
1658 3004 2142 3082 observavisse‚
2194 3005 2247 3068 si
2296 3023 2529 3070 revera
2590 3004 2871 3068 Lucretii
2918 3003 3099 3066 libris

669 3114 929 3178 eden-„115
977 3134 1240 3200 operam
1292 3113 1594 3179 dedisset.
1719 3113 1861 3179 Sed'
1893 3132 2078 3177 nemo
2113 3111 2404 3198 profecto
2441 3118 2539 3177 est
2571 3113 2679 3197 qui
2714 3132 2841 3176 non
2876 3111 3097 3176 videat

669 3222 825 3286 dnae
885 3246 988 3288 res
1043 3244 1312 3308 prorsus
1361 3221 1529 3287 inter
1575 3243 1645 3287 se
1695 3222 2030 3287 dissimiles
2082 3241 2242 3287 esse.
2384 3221 2452 3287 Si
2499 3219 2791 3305 Vergilio
2856 3221 3096 3304 placuit

665 3330 1060 3414 perpoliendi
1094 3332 1309 3415 operis
1344 3339 1706 3396 extremum
1742 3330 2032 3395 laborem
2068 3329 2360 3394 adhiberi
2394 3329 2474 3394 ab
2501 3330 2624 3394 illis
2652 3332 2907 3414 optimis
2942 3332 3097 3396 viris

669 3442 789 3506 sibi
837 3442 1394 3518 coniunctissimis
1446 3441 1828 3526 quibuscum
1895 3439 1974 3504 de
2040 3441 2293 3524 poetica
2339 3459 2592 3525 semper
2640 3441 3097 3518 consensisset,

669 3550 841 3614 haud
889 3558 987 3618 est
1021 3550 1411 3616 credendum
1449 3551 1817 3616 Lucretium
1864 3541 2180 3626 Ciceroni,
2217 3552 2405 3634 quem
2440 3551 2755 3634 epicureis
2790 3549 3097 3615 doctrinis

665 3662 1112 3726 adversarium
1159 3662 1295 3725 sine
1345 3659 1538 3725 dubio
1588 3661 2026 3745 cognovisset,
2080 3679 2305 3725 curam
2369 3659 2747 3725 emendandi
2796 3661 3097 3726 carminis

669 3770 1081 3835 cummisisse.

841 3882 979 3946 Etsi
1027 3900 1158 3946 non
1207 3881 1419 3945 omnia
1457 3880 1788 3946 Ciceronis
1823 3882 2064 3965 scripta
2110 3881 2190 3945 ad
2242 3877 2359 3946 nos
2408 3884 2867 3965 pervenerunt,
2917 3885 3094 3958 recte

669 3998 881 4054 tamen
917 3989 1372 4054 animadvertit
1406 3977 1875 4074 Forbiger'(De
1915 3991 1983 4054 T.
2015 3991 2327 4055 Lacr-eliz*
2355 3991 2664 4056 carmine
2694 4008 2738 4055 a
2764 3989 3098 4072 scriptore

665 4102 949 4166 seffor-is
980 4099 1223 4164 aetatis
1255 4098 1476 4164 denuo
1501 4103 1937 4183 pertractatu,
1978 4099 2230 4182 Lipsiae
2268 4098 2461 4175 1826,
2500 4120 2560 4184 p.
2596 4099 2663 4180 6)
2714 4103 2851 4163 veri
2888 4099 3094 4164 simile

669 4230 793 4274 nnn
845 4230 986 4270 esse
1019 4207 1419 4282 Ciceronem,
1457 4207 1566 4290 qui
1600 4206 1678 4271 de
1721 4207 1915 4272 rebus
1950 4208 2085 4272 suis
2119 4209 2278 4272 satis
2326 4205 2669 4293 magnifice
2703 4208 2991 4282 sentiret,
3041 4207 3093 4268 si

669 4318 949 4382 Lucretii
980 4335 1240 4380 carmen
1274 4315 1769 4393 emendavisset,
1807 4313 1911 4381 vel
1945 4315 2010 4380 in
2056 4315 2209 4400 ipsis
2251 4315 2480 4381 litteris
2516 4315 2597 4380 ad
2633 4316 2939 4391 Quintum
2974 4315 3097 4380 fra·

673 4430 849 4498 trem,
905 4422 1004 4490 vel
1054 4425 1117 4492 in
1167 4426 1306 4490 aliis
1356 4425 1807 4512 superstitibus
1842 4427 2147 4513 operibus
2194 4426 2255 4490 id
2292 4427 2476 4512 plane
2512 4446 2641 4491 non
2690 4446 3093 4513 commemo-

3219 394 3253 428 f,
