3592 4942
1550 280 1648 317 ,ι-
1702 234 1922 320 17²*

523 394 670 470 libri
704 404 919 489 quarti
952 403 1089 471 sive
1121 401 1269 467 libri
1301 401 1509 488 primi.
1619 402 1927 476 Quaestio
1955 406 2171 466 autem
2206 399 2285 465 de
2319 389 2768 466 iterationibus
2804 414 2956 466 nnn-

527 518 676 580 dum
711 514 923 582 soluta
971 521 1090 591 est,
1127 533 1273 579 cum
1320 512 1424 578 alii
1466 513 1804 598 genuinaS,
1853 511 1961 577 alii
1994 513 2248 598 spurias
2283 532 2393 578 eas
2444 511 2812 576 existiment
2844 510 2956 598 (1).

524 621 845 707 Quidquid
878 622 956 687 de
987 621 1108 687 hac
1143 641 1214 685 re
1248 625 1366 696 est,
1401 621 1543 685 veri
1587 619 1791 685 simile
1827 639 1971 684 esse
2006 619 2262 687 videtur
2294 620 2623 685 Romanos
2658 618 2788 702 qui,
2828 618 2956 682 Lu-

524 731 707 793 cretii
739 729 942 794 libros
974 729 1289 814 legente8‚
1324 727 1444 793 has
1479 729 1855 794 iterationes
1890 725 2312 804 offenderent,
2357 727 2760 790 existimasse
2796 746 2956 810 pne-

523 844 655 902 tam
697 844 1058 903 extremum
1092 836 1489 923 perpoliendi
1525 839 1739 922 operis
1787 835 2079 902 laborem
2122 837 2429 903 adhihere
2479 855 2604 901 non
2652 838 2956 920 potuisse,

523 945 796 1030 ideoque
831 946 1110 1030 aliquem
1159 965 1243 1009 ex
1289 944 1423 1010 suis
1468 943 1895 1010 familiaribus
1925 964 2091 1030 opus
2138 946 2344 1031 ipsum
2392 942 2690 1008 edidisse.
2832 942 2956 1006 Sed

524 1056 662 1121 sive
711 1055 816 1120 hic
862 1075 1088 1122 rumor
1121 1075 1204 1120 ex
1237 1075 1434 1141 opere
1469 1075 1603 1120 non
1632 1054 1919 1139 perfecto
1955 1062 2135 1120 ortus
2172 1061 2289 1127 est,
2326 1035 2486 1120 sive
2513 1050 2750 1118 revera
2796 1074 2956 1138 pne-

528 1184 631 1229 ma
680 1164 994 1229 editorem
1042 1163 1362 1249 quendam
1409 1163 1660 1240 habuit,
1692 1164 1893 1249 ipsius
1935 1163 2199 1228 editoris
2232 1182 2466 1228 nomen
2514 1162 2956 1246 ignorabatur.

523 1273 751 1359 Itaque
784 1275 1017 1340 accidit
1052 1282 1121 1339 ut
1153 1273 1559 1359 grammatici
1589 1275 1927 1359 proximae
1962 1275 2193 1339 aetatis
2227 1293 2311 1338 ex
2342 1273 2610 1337 arbitrio
2638 1273 2960 1338 existima-

525 1395 667 1452 rent
702 1386 967 1452 editoris
1016 1405 1284 1451 munere
1335 1384 1627 1450 functum
1661 1406 1807 1450 esse
1841 1385 1926 1450 M.
1975 1384 2251 1474 Tullium
2288 1385 2691 1452 Ciceronem.
2828 1386 2956 1450 Sei-1

527 1517 646 1562 cur
669 1496 760 1561 illi
787 1496 960 1562 docti
984 1496 1276 1562 homines
1296 1497 1589 1563 Ciceroni
1616 1497 1829 1581 potius
1854 1515 2046 1580 quam
2073 1495 2178 1560 alii
2208 1496 2465 1581 Epicuri
2492 1498 2816 1570 sectatori,
2844 1494 2960 1562 Lu*

527 1609 724 1674 cretio
754 1609 1028 1693 aequali,
1055 1609 1118 1672 id
1153 1627 1386 1673 munus
1423 1607 1833 1672 tribuerunt?
1950 1605 2204 1672 Nullius
2228 1607 2595 1692 philosophi
2628 1605 2960 1690 disciplina

523 1719 732 1804 magis
781 1719 1029 1785 Romae
1076 1716 1297 1783 floruit
1344 1737 1537 1801 quam
1588 1718 1867 1803 Epicuri,
1918 1717 2101 1782 cuius
2150 1716 2439 1802 discipuli
2492 1738 2531 1782 «
2563 1716 2764 1781 multa
2812 1738 2956 1782 cuni

525 1829 956 1915 scripsissent,
991 1827 1244 1893 Italiam
1278 1836 1481 1893 totam
1530 1834 2019 1913 occupaverunt
2052 1827 2215 1912 (Cic.
2262 1828 2553 1904 Tuscul„
2586 1829 2651 1904 4,
2680 1826 2744 1904 3,
2780 1830 2844 1914 Τ)
2876 1850 2888 1906 ;
2916 1850 2952 1890 ii·

525 1946 611 2018 et,
645 1944 717 2003 ut
748 1939 935 2005 nobis
976 1938 1241 2006 tradidit
1288 1937 1520 2005 Cicero
1559 1938 1888 2024 (Tuscul.,
1937 1940 1998 2015 4,
2049 1941 2113 2014 3,
2145 1937 2232 2022 6),
2282 1938 2420 2023 ipsa
2454 1957 2708 2024 quoque
2747 1958 2784 2002 a
2808 1938 2960 2002 inul-

525 2050 730 2117 titudo
780 2051 1049 2117 contulit
1114 2072 1185 2119 se
1234 2051 1314 2117 ad
1363 2049 1634 2117 eandem
1668 2051 2074 2136 potissimum
2106 2048 2582 2136 disciplinam.»
2710 2050 2800 2116 De
2836 2050 2960 2118 liae

527 2163 780 2249 quidem
806 2184 877 2229 re
913 2164 1347 2228 testimonium
1373 2163 1684 2249 praebent
1716 2168 1812 2226 tot
1844 2163 2162 2248 Epicurei,
2213 2163 2513 2229 Ciceroni
2544 2171 2606 2228 et
2654 2165 2956 2230 Lucre-tin

525 2277 832 2361 aequales
865 2276 970 2362 (cf.
1005 2272 1309 2362 Woltjer‚
1344 2277 1385 2341 l.
1413 2276 1476 2352 1.,
1511 2298 1572 2362 p.
1604 2277 1686 2362 1).
1804 2278 1902 2342 Ex
1939 2276 2039 2342 his
2085 2275 2421 2363 permultis
2454 2275 2788 2361 Epicureis
2820 2278 2956 2338 Ln-

525 2390 709 2453 cretii
745 2390 1048 2454 carminis
1073 2388 1453 2456 emendator
1485 2395 1626 2483 erat
1675 2390 2029 2482 eligendus
2169 2391 2386 2456 Attico
2433 2389 2812 2475 praesertim
2856 2388 2956 2454 rel

523 2501 824 2568 Cornelio
857 2503 1114 2589 Nepoti,
1165 2504 1378 2588 potius
1412 2522 1605 2586 quam
1655 2504 1972 2580 Ciceroni,
2008 2504 2115 2570 hic
2148 2502 2334 2570 labor
2366 2510 2507 2568 erat
2540 2502 2952 2578 tribuendam

486 2613 739 2679 ,Attico
774 2613 1071 2677 nimirum
1100 2615 1228 2699 qui,
1263 2619 1332 2678 ut
1380 2634 1464 2678 ex
1513 2615 1845 2680 Ciceronis
1893 2614 2193 2698 operibus
2242 2615 2568 2699 colligitur
2621 2615 2729 2698 (de
2776 2610 2952 2686 Fati..

521 2724 584 2799 5,
623 2725 680 2801 1,
729 2725 810 2802 33
859 2726 944 2790 de
990 2727 1172 2810 Ley„
1226 2728 1284 2802 1,
1319 2726 1382 2804 7,
1417 2725 1552 2811 21),
1588 2727 1945 2811 Epicureae
1983 2726 2261 2792 familiae
2297 2725 2416 2791 fuit
2449 2725 2788 2802 addictus;
2836 2726 2956 2792 Ne-

462 2896 469 2904 ,
521 2834 674 2916 poti,
710 2835 818 2917 qui
851 2836 1224 2900 Lucretium
1258 2835 1552 2901 laudibus
1586 2835 1816 2901 extulit
1864 2856 2137 2920 eumque
2188 2856 2386 2921 prope
2436 2834 2751 2901 Catullum
2792 2855 2952 2918 pne-

522 2946 649 3010 tica
683 2946 1070 3013 excellentia
1105 2947 1350 3014 locavit
1380 2948 1620 3034 (Attia,
1675 2949 1778 3026 12,
1829 2947 1919 3033 4).

704 3053 1015 3128 Quamvis
1073 3058 1287 3121 omnia
1323 3076 1490 3142 quae
1539 3078 1734 3142 supra
1769 3059 2187 3142 exposuimus
2237 3054 2689 3142 impedimento
2739 3062 2956 3122 essent

493 3158 867 3244 quominus
916 3165 1144 3231 Cicero
1180 3167 1464 3232 Lucretii
1500 3186 1759 3231 carmen
1795 3168 2298 3244 emendavisset,
2342 3167 2689 3234 Suetonius
2739 3173 2956 3231 tamen

521 3268 690 3335 hanc
724 3271 1011 3337 fabulam
1037 3274 1101 3337 in
1137 3275 1374 3359 vulgus
1401 3275 1667 3359 protulit
1693 3280 1889 3359 atque
1916 3277 2300 3356 auctoritate
2335 3297 2453 3342 sua
2482 3278 2683 3342 auxit.
2780 3278 2956 3342 [linn-

520 3398 595 3442 ro
624 3380 909 3446 Suetonii
936 3383 1338 3468 temporibus
1368 3381 1566 3468 vulgo
1595 3382 1988 3448 laudabatur
2016 3391 2322 3469 tanquam
2346 3393 2685 3470 poetarum
2710 3382 2948 3458 fantur,

521 3495 593 3553 ut
619 3510 702 3555 ex
734 3491 1009 3576 epistula
1043 3494 1236 3558 Plinii
1268 3492 1682 3558 manifestum
1717 3502 1836 3560 est.
1950 3495 2051 3560 Ac
2085 3494 2364 3560 fortasse
2394 3502 2651 3561 veteres
2677 3496 2952 3561 Romani

520 3620 637 3683 pro
673 3608 850 3666 certo
887 3601 1253 3668 habuerunt
1302 3604 1386 3668 M.
1422 3603 1698 3669 Tullium
1746 3604 1960 3678 Quinti
1996 3603 2215 3670 fratris
2250 3606 2537 3670 Annales
2578 3606 2952 3670 emendasse

519 3717 584 3773 et
625 3710 919 3777 edidisse.
1045 3713 1327 3778 Lucretii
1360 3720 1574 3779 autern
1610 3700 1886 3779 carmen
1924 3713 2005 3779 ad
2051 3715 2522 3801 philosophiam
2571 3718 2952 3800 praesertim

520 3828 787 3904 spectat,
822 3822 1096 3908 ideoque
1143 3823 1595 3910 philosophum
1628 3831 1877 3890 tantum
1911 3825 1971 3890 id
2008 3826 2199 3891 edere
2233 3827 2518 3912 potuisse
2567 3834 2956 3894 censum-unt

429 4016 441 4031 ο
518 3937 774 3997 veteres
811 3933 934 3998 viri
983 3933 1174 4012 docti,
1227 3934 1456 4018 quibus
1490 3935 1804 4002 visusest
1855 3934 2103 4013 Cicer0‚
2155 3937 2473 4002 maximus
2517 3937 2948 4003 Romanarum

687 4216 766 4287 (l)
806 4218 886 4272 Cf.
938 4197 1255 4272 Lachmann
1308 4217 1366 4290 (l.
1419 4219 1511 4288 1.);
1559 4220 1868 4287 Neumann,
1906 4218 1975 4273 de
2021 4219 2548 4290 Interpolatiom‘bus
2596 4221 2960 4282 Lucre-linitis.

513 4305 668 4362 Halis
706 4309 831 4363 Sax.
877 4310 1066 4378 1875,
1089 4310 1328 4373 Gneisse,
1367 4311 1432 4364 de
1469 4312 1722 4365 Versibus
1748 4312 1807 4364 in
1841 4313 2090 4365 Lucretii
2117 4314 2364 4365 carmine
2401 4314 2653 4381 repetitis,
2697 4315 2960 4378 Argento-

512 4402 619 4454 rati
672 4401 840 4471 18793
893 4403 1199 4471 Lohmann‚
1257 4404 1653 4465 Quaestionum
1706 4406 2172 4459 Lucretianarum
2222 4406 2400 4478 capita
2452 4406 2578 4473 duc,
2622 4407 2960 4478 Brunsvignu

517 4491 652 4548 1883
680 4497 781 4549 etc.
1165 4546 1167 4549 .
1475 4547 1482 4554 .
1631 4520 1647 4556 o
1803 4497 1809 4502 ’
