3592 4942
767 223 945 300 are-
1036 313 1041 322 ,

245 380 367 465 attinet,
385 375 577 452 memoravit
600 384 725 452 tantum
743 381 811 450 eius
827 383 1059 472 benignitatem
1075 403 1154 474 erga
1176 386 1299 474 poetas.
1363 382 1459 456 Plinii

178 567 179 570 ,
242 505 342 590 igitur
366 503 467 570 uerba
490 518 556 565 non
580 498 765 586 singillatim
791 500 830 566 ad
849 521 918 566 rem
935 506 1069 575 certam,
1090 508 1125 567 ut
1142 499 1182 567 ad
1198 498 1458 567 emendationem

242 615 385 682 Lucretii
406 614 567 688 carminis
585 617 741 697 spectant,
758 611 815 676 sed
833 612 1012 696 generatim
1029 609 1202 676 adfirmant
1219 609 1408 675 Ciceronem
1425 613 1457 676 in

186 769 187 774 .
242 731 355 810 poetas
372 743 532 809 propenso
549 723 656 787 animo
675 739 801 804 semper
817 719 929 784 fuisse.
978 723 1025 784 Ae
1042 739 1078 784 re
1095 719 1222 804 quidem
1247 738 1325 786 vera
1342 719 1457 784 Cicero

242 837 364 920 poesim
389 840 421 899 et
444 833 582 898 eximios
606 838 719 917 poetas
743 831 776 895 in
801 829 925 894 honore
951 849 1077 913 semper
1094 829 1215 894 habuit.
1285 828 1400 894 Nonne
1425 831 1458 893 in

244 947 409 1012 Ciceronis
427 945 579 1032 operibus
600 943 715 1008 laudes
735 943 841 1026 poesis
865 963 907 1006 ac
927 951 1096 1026 poetarum
1120 942 1238 1025 passim
1264 941 1458 1007 occurrunt?

241 1057 277 1120 In
291 1057 439 1120 oratione
459 1073 518 1138 pro
533 1051 654 1118 Archia
668 1057 773 1136 poeta,
793 1057 827 1114 ut
849 1050 974 1134 reliqua
988 1050 1154 1115 Ciceronis
1167 1051 1288 1134 scripta
1304 1055 1458 1134 praeter·

242 1166 415 1239 mittamus,
441 1183 558 1228 noune·
570 1161 716 1228 adhibuit
729 1161 854 1226 ‘Cicero
878 1159 992 1235 verba,
1011 1179 1093 1243 quae
1110 1179 1274 1244 nunqnam
1291 1180 1332 1225 ex
1348 1160 1458 1224 homi-

242 1297 318 1342 num
343 1276 497 1340 memoria
522 1272 692 1339 excident?
751 1271 801 1336 Ad
819 1271 903 1335 hanc
927 1271 1026 1355 igitur
1050 1271 1217 1336 Ciceronis
1241 1291 1322 1356 erga
1345 1278 1458 1356 poetas

241 1386 483 1450 observantiam
500 1382 643 1467 respexit
660 1380 793 1451 Plinius,
813 1377 1009 1443 confirmans
1030 1379 1116 1463 quod
1141 1379 1299 1443 Proculus
1324 1380 1364 1444 ad
1389 1401 1459 1464 pre·

242 1517 310 1562 cern
335 1515 428 1561 suam
452 1493 697 1569 sustentandam
721 1495 910 1579 protulerat.
979 1491 1020 1555 Et
1041 1491 1140 1555 verba
1162 1490 1272 1554 Plinii:
1293 1491 1458 1571 cM.-'lul·

241 1607 316 1671 lium
340 1607 421 1670 mira
451 1605 652 1688 benignitate
678 1609 846 1688 poetarum
871 1601 1002 1688 ingenia
1026 1599 1182 1665 fovisse»
1209 1601 1242 1663 in
1267 1602 1456 1664 memoriam

241 1722 398 1784 revocant
421 1716 518 1801 ipsius
536 1714 703 1780 Ciceronis
721 1716 822 1779 verba
844 1715 924 1796 (pro
949 1711 1064 1786 Sestio,
1089 1712 1141 1794 58,
1169 1708 1260 1793 123lt
1288 1731 1457 1795 «quornm

241 1825 434 1912 (poetarum)
453 1846 515 1911 ego
532 1844 660 1908 semper
676 1821 807 1909 ingenia
824 1823 961 1888 dilexi.»

328 1935 392 2000 Sed
416 1934 631 2000 concedamus
661 1934 756 1997 etiam
781 1932 921 1996 Plinium
945 1931 1107 1996 Iuniorem
1132 1931 1242 1996 verbis
1265 1930 1327 1995 illis
1351 1932 1456 2016 signi-

239 2041 354 2109 ficasse
367 2043 452 2128 quod
470 2033 594 2107 seriore
607 2046 713 2106 aetate
726 2041 945 2125 Hieronymus
958 2047 1071 2125 aperte
1083 2039 1233 2125 protulit:
1248 2040 1326 2124 quid
1336 2041 1453 2105 exinde

238 2151 464 2218 inferendum?
525 2150 594 2214 Hoc
619 2155 753 2225 tantum,
779 2155 892 2214 nostra
917 2149 1088 2223 sententia,
1112 2148 1255 2213 fabulam
1280 2148 1367 2212 illam
1390 2149 1454 2213 iam

238 2262 334 2326 Plinii
358 2261 554 2344 temporibus
579 2279 651 2324 esse
673 2259 913 2344 pervulgatam.
974 2259 1015 2323 Et
1039 2279 1075 2324 re
1092 2258 1221 2344 quidem
1239 2277 1319 2323 vera
1336 2260 1453 2335 omnia,
1552 2348 1554 2352 .

238 2392 321 2456 quae
345 2371 384 2436 de
410 2371 531 2436 Latinis
556 2369 766 2454 scriptoribus
791 2370 1009 2454 Hieronymus
1027 2369 1157 2433 Eusebii
1181 2368 1351 2433 Chronicis
1368 2367 1454 2432 addi·

238 2469 293 2555 dit,
310 2501 352 2546 ex
369 2480 512 2546 Suetonii
530 2479 611 2543 libro
629 2479 671 2544 de
689 2479 801 2543 Poetis
818 2479 1024 2563 deprompsit,
1043 2485 1078 2542 ut
1099 2479 1167 2562 ipse
1184 2485 1296 2564 aperte
1320 2477 1452 2563 profes-

236 2609 292 2654 sus
309 2595 358 2653 est
382 2587 435 2672 (cf.
455 2583 697 2661 Reifferscheid,
716 2585 869 2652 Suetonii
882 2587 1057 2670 reh'quz'ae,
1074 2608 1104 2671 p.
1124 2586 1224 2670 365);
1247 2585 1305 2650 sed
1328 2572 1468 2652 Plinius

236 2697 344 2761 Iunior
369 2703 400 2760 et
424 2695 595 2762 Suetonius
618 2695 769 2780 aequales
787 2692 928 2770 fuerunt,
945 2702 1084 2779 uterque
1109 2695 1192 2759 enim
1216 2695 1306 2760 initio
1323 2695 1462 2760 secundi,

235 2806 359 2873 saeculi
376 2811 447 2890 post
464 2804 540 2868 Chr.
560 2825 590 2867 n.
608 2801 728 2867 floruit.
788 2803 891 2877 Quam
909 2803 950 2868 ob
968 2824 1036 2868 rem
1053 2824 1094 2868 ex
1111 2803 1206 2868 Plinii
1222 2805 1332 2869 verbis
1350 2805 1453 2870 conici

235 2915 374 2980 fortasse
391 2918 497 2997 potest
510 2911 691 2996 opinionem
708 2912 748 2975 de
765 2911 982 2977 Ciceroniana
1004 2913 1145 2977 Lucretii
1169 2913 1321 2978 carminis
1338 2933 1452 2978 emen-

236 3025 364 3090 datione
381 3043 419 3087 eo
437 3029 582 3106 tempore
599 3023 663 3085 iam
684 3019 838 3106 viguisse,
863 3041 1001 3106 eamque
1025 3022 1193 3107 amplexos
1218 3042 1289 3087 esse
1313 3023 1453 3088 Plinium

235 3137 398 3200 Iuniorem
414 3139 446 3200 et
470 3133 669 3198 Suetonium.
740 3133 808 3196 Nos
825 3153 905 3198 vero
923 3128 1069 3199 indubio
1093 3153 1214 3209 sumus,
1231 3154 1308 3198 num
1328 3135 1452 3199 Plinius

234 3243 264 3308 id
281 3265 340 3328 pro
358 3248 448 3308 certo
462 3241 628 3316 hahuerit;
646 3240 685 3304 de
698 3241 852 3306 Suetonio
869 3248 978 3306 autern
991 3245 1048 3308 vix
1062 3242 1210 3309 dubitare
1227 3243 1312 3318 lieet,
1330 3264 1402 3308 oum
1420 3244 1452 3310 id

235 3354 319 3439 apud
336 3353 570 3438 Hieronymum
595 3352 806 3417 inveniamus.
876 3352 1065 3418 Suetonium
1089 3372 1149 3418 nos
1166 3373 1294 3439 quoque
1319 3355 1450 3419 maximi

234 3463 381 3537 facimus,
395 3482 457 3527 non
475 3482 513 3526 eo
530 3445 750 3545 tameuhacto
767 3467 813 3536 ut,
831 3481 870 3525 eo
888 3468 1031 3536 auctore,
1049 3462 1239 3548 Hieronymi
1257 3461 1452 3530 adfirmatio·

234 3592 306 3636 nem
323 3578 445 3636 temere
463 3570 671 3654 excipiamus.
742 3571 850 3654 Atque
871 3570 1062 3634 seutentiam
1079 3571 1195 3636 Muuro
1214 3572 1291 3656 (vol.
1310 3573 1349 3647 ll,
1367 3593 1397 3657 p.
1414 3573 1448 3642 2)

234 3683 419 3757 refellimus,
446 3683 500 3765 qui
525 3686 636 3745 censet
653 3681 842 3766 Hieronymi
866 3681 976 3745 verbis
998 3681 1242 3747 adsentiendum
1267 3703 1349 3758 esse,
1374 3687 1448 3766 quia

233 3791 417 3864 Suetonius,
436 3809 498 3873 qua
514 3788 612 3854 suerit
628 3790 874 3874 perspicacitate
892 3788 1138 3873 prudentiaque,
1162 3789 1242 3853 nihil
1262 3791 1293 3853 iu
1311 3793 1452 3858 scriben-

233 3896 281 3960 dis
298 3896 371 3961 uitis
389 3897 612 3962 Romanorum
628 3896 773 3959 virorum
790 3894 973 3992 inlustrium
990 3914 1132 3980 unquam
1156 3897 1345 3974 asseruerit,
1363 3899 1449 3983 quod

232 4000 420 4067 firmissimis
439 4001 630 4067 testimoniis
647 4003 791 4067 innixum
809 4023 872 4068 non
889 4010 985 4068 esset.
1055 4003 1157 4069 Nobis
1180 4010 1295 4069 contra
1319 4005 1448 4071 videtur

231 4111 404 4176 Suetonius
421 4131 549 4198 qnoque
573 4111 715 4178 fabulam
739 4113 770 4176 in
794 4110 894 4178 libros
911 4133 988 4178 snos
1005 4113 1147 4177 inserere
1164 4118 1317 4198 potuisse.
1379 4119 1450 4181 Ne-

231 4237 293 4300 que
326 4219 436 4304 Bergk
465 4220 670 4295 assentimur,
697 4221 752 4306 qui
776 4220 852 4287 dicit
877 4220 910 4308 (l.
935 4221 966 4298 1.,
992 4243 1022 4306 p.
1048 4221 1081 4306 5)
1112 4223 1175 4288 hac
1199 4203 1326 4290 ratione
1350 4225 1449 4292 licere

182 4393 185 4396 ,
231 4326 336 4390 omnia
354 4347 436 4410 quae
458 4329 551 4392 unius
577 4331 780 4414 grammatici
797 4332 981 4396 testimonio
999 4331 1231 4397 confirmentur
1246 4334 1278 4395 in
1295 4335 1449 4417 suspicio·

230 4453 444 4502 nemvoeare.
507 4439 579 4508 Non
604 4440 710 4506 omnia
735 4459 814 4506 sane
838 4441 1125 4531 grammaticorum
1148 4441 1331 4509 testimonia
1350 4443 1444 4511 resel-
