3592 4942
503 388 716 436 semus
751 366 1032 436 Lucretii
1079 386 1306 456 poema
1354 386 1558 454 nuper
1589 367 1831 434 editum
1868 367 2187 448 evasisse3
2223 370 2497 455 uterque
2531 365 2696 435 enim
2735 366 2940 434 frater

501 483 626 545 iam
659 480 722 545 id
753 480 973 566 legere
1022 485 1342 565 potuerat.
1484 481 1574 544 De
1623 500 1748 565 qua
1800 500 1870 543 re
1921 485 2097 544 recte
2146 478 2405 545 locutus
2454 481 2932 544 est⁴Pursnann

506 591 777 676 (lamb,
843 591 952 665 67,
998 611 1058 675 p.
1107 589 1302 672 659):
1357 609 1394 653 ‹<
1420 588 1667 654 Lucrez
1713 591 1960 654 konnte
1997 591 2316 655 natiirlich
2352 611 2430 654 zu
2484 590 2599 655 der
2635 592 2771 654 ΖΕΗ,
2820 590 2932 654 iles

501 702 749 768 Briefes
787 703 962 768 nicli't
986 702 1170 767 mehr
1196 721 1300 766 am
1334 703 1551 766 Leben
1587 701 1718 766 und
1755 701 1925 766 doch
1958 702 2125 766 auch
2160 701 2339 765 nicht
2387 701 2580 786 lange
2633 710 2934 766 veretur-

502 815 626 878 ben
659 814 878 878 sein.»
1023 812 1150 879 Sed
1198 812 1380 876 Polle
1429 797 1498 896 (l.
1546 810 1608 887 1.,
1658 832 1714 895 p.
1767 811 1897 875 499
1948 813 2067 896 sq.)
2116 811 2387 876 verbum
2436 818 2728 894 poemata
2780 830 2936 874 car*

503 909 691 988 minis
726 928 974 988 tantum
1009 928 1256 1005 partem
1290 920 1578 986 indicare
1613 922 1969 986 arbitratur
2002 941 2077 989 ac
2103 907 2447 985 Forcellini
2480 922 2936 984 auctoritatem

507 1035 594 1118 (v.
629 1032 884 1118 poema)
923 1032 1004 1097 ad
1038 1031 1422 1097 sententiam
1457 1051 1638 1095 suam
1671 1031 2181 1096 confirmandam
2216 1031 2512 1096 invocat:
2558 1052 2592 1093 ε(
2624 1030 2936 1094 Differunt

502 1162 732 1226 poema
781 1148 845 1206 et
891 1141 1150 1226 poesis;
1209 1140 1373 1204 haec
1435 1146 1534 1204 est
1583 1159 1888 1225 magnum
1958 1147 2021 1205 et
2085 1147 2289 1205 toturn
2340 1160 2523 1224 opus,
2574 1138 2728 1203 illud
2780 1162 2936 1222 par-

501 1275 654 1319 vum
702 1260 814 1321 aut
875 1273 1027 1339 pars
1091 1252 1346 1336 operis3
1387 1273 1422 1314 »
1479 1259 1876 1336 quapropter
1939 1253 2267 1316 existimat
2324 1253 2724 1322 Ciceronem.
2780 1254 2932 1314 viru

505 1369 717 1449 poeta,
767 1369 1016 1446 partem
1065 1366 1315 1426 tantum
1365 1361 1722 1424 carminum
1757 1359 2230 1425 emendavisse.
2348 1358 2533 1434 Quod
2584 1357 2932 1442 adprobari

504 1493 652 1538 non·
681 1477 927 1556 potest3
979 1471 1178 1535 verba
1226 1471 1396 1534 enim
1446 1470 1857 1553 Hieronymi:
1911 1476 2197 1553 «postea
2236 1470 2555 1534 amatorio
2606 1470 2836 1552 poculi]
2876 1470 2932 1530 in

503 1583 790 1647 furorem
838 1601 1088 1654 versu&
1127 1598 1271 1644 cum
1319 1579 1566 1663 aliquot
1616 1578 1815 1642 libros
1867 1598 1982 1662 per
2030 1578 2373 1643 intervalla
2424 1578 2716 1642 insaniae
2768 1598 2932 1638 cnu-

505 1691 886 1776 scripsisset,
924 1711 1085 1773 quos
1132 1694 1358 1773 postea
1395 1689 1623 1753 Cicero
1660 1687 2050 1764 emendavit,
2087 1688 2349 1772 propria
2383 1707 2452 1752 se
2504 1706 2692 1751 mann
2748 1690 2936 1750 inter·

501 1801 654 1866 fecit
702 1812 716 1866 .'
767 1849 782 1865 .
836 1851 850 1866 .
883 1822 921 1864 »
989 1799 1441 1884 impedimento
1507 1803 1659 1862 sunt
1707 1798 2049 1882 quominus
2110 1817 2492 1865 censeamus
2556 1797 2932 1862 Ciceronem

505 1933 768 2000 operam
802 1913 1057 1978 dedisse
1091 1912 1360 1977 carmini
1394 1910 1819 1985 emendand0‚
1856 1911 2011 1975 vivo
2055 1909 2379 1974 Lucretio,

684 2022 990 2088 Profecto
1037 2021 1363 2097 lectorem,
1430 2023 1538 2105 qui
1587 2020 1668 2085 ad
1725 2020 2449 2104 nostrasyquaestiones
2498 2019 2780 2082 animuin
2828 2022 2936 2082 in·-

504 2130 723 2203 tendit,
775 2149 901 2195 non
952 2129 1119 2214 fugit
1166 2142 1391 2214 parum
1440 2127 1564 2192 fide
1615 2127 1826 2220 digna
1858 2147 2003 2191 esse
2054 2146 2218 2211 quae
2269 2125 2346 2190 de
2395 2126 2676 2191 Lucretii
2732 2134 2936 2190 inerte

503 2238 766 2304 tradidit
799 2239 1254 2323 Hieronymus,
1380 2236 1702 2301 Adfirmat
1749 2237 1920 2300 enim
1968 2243 2291 2301 mortuum
2329 2252 2484 2300 eum·
2510 2254 2654 2300 esse
2696 2258 2752 2298 a.
2804 2234 2936 2298 703

503 2364 563 2408 η.
601 2365 700 2424 ο.;
750 2346 883 2421 sed,
935 2365 1080 2409 cum
1108 2343 1283 2409 haud
1331 2342 1590 2408 dubium
1642 2345 1724 2407 sit
1771 2343 1921 2427 quin
1972 2343 2219 2417 Cicero,
2255 2344 2310 2407 si
2344 2363 2606 2427 operam
2654 2342 2936 2406 Lucretii

503 2452 774 2516 carmini
816 2451 1221 2517 emendando
1278 2471 1512 2516 revera
1569 2451 1873 2527 dedisset,
1937 2451 1997 2516 id
2062 2457 2208 2536 post
2270 2444 2604 2535 scriptoris
2664 2458 2936 2514 murtam

501 2559 778 2637 fecisset,
827 2568 890 2626 et
925 2581 1070 2627 cum
1119 2566 1345 2625 contra
1382 2581 1466 2625 ex
1513 2560 1842 2626 Ciceronis
1875 2561 2107 2626 litteris
2142 2567 2392 2626 certum
2441 2558 2748 2643 adparent
2796 2582 2940 2646 pue-

503 2689 606 2734 ma
639 2689 809 2735 anno
842 2670 984 2734 700·
1007 2663 1461 2754 pervulgatum
1507 2688 1673 2745 esse,
1725 2668 1914 2733 facile
1964 2668 2339 2752 intelligitur
2373 2669 2840 2753 Hieronymum
2876 2678 2936 2734 111

503 2779 905 2845 enunciando
941 2780 1223 2845 Lucretii
1257 2780 1481 2844 mortis
1515 2799 1756 2844 annea
1791 2800 1952 2845 vero
1988 2779 2212 2864 procul
2239 2778 2498 2844 afuisse.
2596 2778 2784 2855 Qund
2812 2782 2936 2846 nni-

504 2888 854 2954 rnadvertit
894 2889 1116 2974 Bergk
1138 2887 1211 2974 ·(l.
1247 2888 1312 2965 1.,
1349 2910 1408 2973 p.
1443 2888 1484 2953 6
1517 2887 1658 2972 sq.),
1695 2887 1912 2953 dicens
1940 2889 2321 2974 Hieronymi
2349 2889 2651 2972 temporis
2688 2910 2940 2974 cumpu-

501 3000 809 3064 tationem
841 3021 922 3064 ex
946 3000 1386 3084 arbitrio-esse
1421 2998 1680 3077 factam3
1729 3019 1875 3064 cum
1925 3000 2094 3064 enim
2129 3000 2495 3076 SuetoniuS,
2530 3020 2615 3064 ex
2648 3022 2776 3082 qun
2812 3022 2940 3066 nni-

503 3110 610 3173 nia
651 3109 909 3194 repetiit
943 3109 1406 3195 HieronymuS,
1437 3114 1801 3193 temporum
1836 3110 2120 3175 rationes
2170 3129 2298 3174 non
2333 3111 2712 3186 notavisset,
2756 3110 2940 3174 chri]-

390 3272 396 3279 .
500 3219 876 3305 nographus
923 3221 1105 3285 iuxta
1139 3220 1353 3304 operis
1402 3221 1761 3284 institutum
1798 3219 2224 3285 coniectando
2261 3227 2510 3305 tempus
2552 3219 2784 3286 adiecit
2820 3222 2960 3306 (l).-

433 3420 436 3425 .
500 3333 725 3416 Itaque
761 3332 979 3419 Bergk
1028 3332 1108 3398 ad
1157 3333 1389 3398 Donati
1435 3333 1647 3416 potius
1691 3334 2074 3398 sententiam
2112 3335 2421 3411 accessit3
2472 3338 2720 3399 censuit
2768 3338 2936 3398 enim

501 3441 871 3506 Lucretium
906 3461 1080 3506 anno
1113 3440 1245 3506 699
1280 3446 1606 3506 mortuum
1640 3458 1780 3506 esse
1816 3449 1880 3505 et
1926 3441 2011 3505 M.
2038 3440 2415 3506 Ciceronem
2463 3440 2653 3526 paulo
2692 3446 2932 3526 postea,

503 3553 803 3616 nimirum
837 3558 983 3637 post
1028 3550 1172 3616 idus
1217 3552 1460 3620 mensis
1510 3553 1794 3617 octobris
1844 3552 2011 3616 illius
2060 3553 2232 3628 anni,
2284 3572 2505 3618 curam
2556 3554 2936 3618 emendandi

502 3664 802 3728 carminis
844 3664 1232 3748 suscepisse,
1267 3665 1448 3730 initio
1483 3671 1696 3729 autem
1731 3664 2015 3748 proximi
2046 3663 2199 3727 anni
2234 3663 2597 3748 exemplum
2632 3662 2708 3728 ati
2748 3666 2940 3738 Quin-

503 3778 645 3835 tum.
684 3770 953 3837 fratrem
989 3771 1259 3848 misisse,
1295 3771 1470 3837 hunc
1503 3791 1663 3839 vero
1699 3771 2007 3836 continuo
2041 3770 2413 3839 declarasse
2463 3771 2618 3856 quid
2668 3774 2744 3834 de
2776 3794 2936 3858 pne-

502 3887 671 3946 mate
721 3880 1006 3945 sentiret.
1146 3862 1273 3947 Sed
1321 3879 1483 3966 fugit
1531 3880 1753 3965 Bergk
1795 3880 1988 3944 etiam
2022 3880 2253 3944 Donati
2290 3881 2752 3964 computationi
2792 3882 2936 3946 nul-

500 3989 630 4053 lam
663 3989 854 4054 fidem
889 4009 1032 4054 esse
1059 3988 1555 4073 adiungendam.
1682 3990 1974 4054 Donatus
2002 3989 2169 4052 enim
2204 3989 2340 4054 veri
2378 3987 2583 4053 simi.e
2611 3990 2936 4054 existimu-

502 4101 613 4175 vit,
650 4106 720 4165 ut
747 4118 1104 4174 censemuS,
1142 4098 1312 4183 quod
1348 4075 1806 4185 Hieronymus,
1844 4099 2151 4166 Suetonio
2188 4103 2471 4176 auctore,
2501 4098 2577 4164 de
2614 4097 2932 4166 Cicerone

671 4363 749 4434 (l)
787 4365 898 4418 Has
937 4368 1248 4436 temporum
1287 4367 1524 4444 rationes
1573 4336 1721 4420 haud
1771 4368 1947 4429 certas
1997 4383 2111 4420 esse
2162 4367 2378 4439 primus
2414 4365 2653 4422 ostendit
2700 4366 2940 4430 niumm,

495 4457 746 4528 Parerya
773 4456 1045 4515 Plautina
1081 4459 1533 4534 Terentianaque‚
1560 4460 1666 4515 vol.
1707 4459 1744 4528 Ι,
1774 4475 1824 4532 p.
1851 4457 1957 4513 620
1983 4476 2099 4534 sqq.
