<?xml version="1.0" encoding="UTF-8"?>
<!DOCTYPE html PUBLIC "-//W3C//DTD XHTML 1.0 Transitional//EN"
    "http://www.w3.org/TR/xhtml1/DTD/xhtml1-transitional.dtd">
<html xmlns="http://www.w3.org/1999/xhtml" xml:lang="en" lang="en">
 <head>
  <title>
</title>
<meta http-equiv="Content-Type" content="text/html;charset=utf-8" />
  <meta name='ocr-system' content='tesseract 3.04.00' />
  <meta name='ocr-capabilities' content='ocr_page ocr_carea ocr_par ocr_line ocrx_word'/>
</head>
<body>
  <div class='ocr_page' id='page_1' title='image "./qvarationetradi00castgoog_0022.png"; bbox 0 0 3592 4942; ppageno 0'>
   <div class='ocr_carea' id='block_1_1' title="bbox 1698 230 2056 314">
    <p class='ocr_par' dir='ltr' id='par_1_1' title="bbox 1698 230 2056 314">
     <span class='ocr_line' id='line_1_1' title="bbox 1698 230 2056 314; baseline 0.003 -17"><span class='ocrx_word' id='word_1_1' title='bbox 1698 230 2056 314; x_wconf 53' lang='grc' dir='ltr'>...48η</span> 
     </span>
    </p>
   </div>
   <div class='ocr_carea' id='block_1_2' title="bbox 645 385 3085 3793">
    <p class='ocr_par' dir='ltr' id='par_1_2' title="bbox 645 385 3084 1254">
     <span class='ocr_line' id='line_1_2' title="bbox 653 385 3084 486; baseline 0 -24"><span class='ocrx_word' id='word_1_2' title='bbox 653 386 1201 486; x_wconf 73' lang='lat' dir='ltr'>pliileeeplieruin,</span> <span class='ocrx_word' id='word_1_3' title='bbox 1233 395 1360 464; x_wconf 93' lang='lat' dir='ltr'>hoc</span> <span class='ocrx_word' id='word_1_4' title='bbox 1394 416 1661 463; x_wconf 89' lang='lat' dir='ltr'>munere</span> <span class='ocrx_word' id='word_1_5' title='bbox 1696 397 1932 484; x_wconf 85' lang='lat' dir='ltr'>optime</span> <span class='ocrx_word' id='word_1_6' title='bbox 1966 397 2224 464; x_wconf 86' lang='lat' dir='ltr'>functus</span> <span class='ocrx_word' id='word_1_7' title='bbox 2260 417 2421 465; x_wconf 89' lang='lat' dir='ltr'>esse.</span> <span class='ocrx_word' id='word_1_8' title='bbox 2562 394 2644 463; x_wconf 90' lang='lat' dir='ltr'>Hi</span> <span class='ocrx_word' id='word_1_9' title='bbox 2678 387 2851 464; x_wconf 86' lang='lat' dir='ltr'>docti</span> <span class='ocrx_word' id='word_1_10' title='bbox 2883 385 3084 464; x_wconf 86' lang='lat' dir='ltr'>homi·</span> 
     </span>
     <span class='ocr_line' id='line_1_3' title="bbox 653 506 3084 596; baseline -0 -22"><span class='ocrx_word' id='word_1_11' title='bbox 653 534 785 586; x_wconf 74' lang='lat' dir='ltr'>nee,</span> <span class='ocrx_word' id='word_1_12' title='bbox 845 510 1021 574; x_wconf 76' lang='lat' dir='ltr'>ebliti</span> <span class='ocrx_word' id='word_1_13' title='bbox 1073 510 1452 575; x_wconf 81' lang='lat' dir='ltr'>Cieeronem</span> <span class='ocrx_word' id='word_1_14' title='bbox 1502 506 1809 575; x_wconf 85' lang='lat' dir='ltr'>Lucretii&#39;</span> <span class='ocrx_word' id='word_1_15' title='bbox 1849 511 2257 596; x_wconf 83' lang='lat' dir='ltr'>opinionibus</span> <span class='ocrx_word' id='word_1_16' title='bbox 2316 511 2762 576; x_wconf 71' lang='lat' dir='ltr'>adversarIum</span> <span class='ocrx_word' id='word_1_17' title='bbox 2828 530 3084 596; x_wconf 78' lang='lat' dir='ltr'><strong>semper</strong></span> 
     </span>
     <span class='ocr_line' id='line_1_4' title="bbox 653 618 3081 701; baseline 0 -19"><span class='ocrx_word' id='word_1_18' title='bbox 653 618 869 694; x_wconf 75' lang='lat' dir='ltr'>fuisse,</span> <span class='ocrx_word' id='word_1_19' title='bbox 905 618 1354 683; x_wconf 61' lang='lat' dir='ltr'>existimarunt</span> <span class='ocrx_word' id='word_1_20' title='bbox 1402 638 1569 694; x_wconf 89' lang='lat' dir='ltr'>eum,</span> <span class='ocrx_word' id='word_1_21' title='bbox 1605 619 1714 701; x_wconf 89' lang='lat' dir='ltr'>qui</span> <span class='ocrx_word' id='word_1_22' title='bbox 1760 618 2052 684; x_wconf 82' lang='lat' dir='ltr'>Platonis</span> <span class='ocrx_word' id='word_1_23' title='bbox 2106 621 2466 685; x_wconf 80' lang='lat' dir='ltr'>Timaeum</span> <span class='ocrx_word' id='word_1_24' title='bbox 2501 618 2563 682; x_wconf 91' lang='lat' dir='ltr'>in</span> <span class='ocrx_word' id='word_1_25' title='bbox 2597 619 2897 683; x_wconf 86' lang='lat' dir='ltr'>Latinum</span> <span class='ocrx_word' id='word_1_26' title='bbox 2931 639 3081 683; x_wconf 89' lang='lat' dir='ltr'>ser-</span> 
     </span>
     <span class='ocr_line' id='line_1_5' title="bbox 649 729 3081 816; baseline -0 -22"><span class='ocrx_word' id='word_1_27' title='bbox 649 750 905 794; x_wconf 76' lang='lat' dir='ltr'>menem</span> <span class='ocrx_word' id='word_1_28' title='bbox 957 731 1386 794; x_wconf 60' lang='lat' dir='ltr'>convertisset</span> <span class='ocrx_word' id='word_1_29' title='bbox 1433 736 1496 794; x_wconf 89' lang='lat' dir='ltr'>et</span> <span class='ocrx_word' id='word_1_30' title='bbox 1531 750 1753 794; x_wconf 86' lang='lat' dir='ltr'>omnes</span> <span class='ocrx_word' id='word_1_31' title='bbox 1787 731 2191 796; x_wconf 89' lang='lat' dir='ltr'>Graecorum</span> <span class='ocrx_word' id='word_1_32' title='bbox 2234 729 2766 816; x_wconf 88' lang='lat' dir='ltr'>philosophorum</span> <span class='ocrx_word' id='word_1_33' title='bbox 2814 730 3081 815; x_wconf 88' lang='lat' dir='ltr'>discipli-</span> 
     </span>
     <span class='ocr_line' id='line_1_6' title="bbox 649 839 3077 927; baseline -0.001 -21"><span class='ocrx_word' id='word_1_34' title='bbox 649 862 765 906; x_wconf 79' lang='lat' dir='ltr'>nae</span> <span class='ocrx_word' id='word_1_35' title='bbox 801 842 957 906; x_wconf 80' lang='lat' dir='ltr'>mire</span> <span class='ocrx_word' id='word_1_36' title='bbox 993 841 1410 926; x_wconf 63' lang='lat' dir='ltr'>eegnevisset</span> <span class='ocrx_word' id='word_1_37' title='bbox 1444 844 1684 924; x_wconf 82' lang='lat' dir='ltr'>easque</span> <span class='ocrx_word' id='word_1_38' title='bbox 1718 841 1963 906; x_wconf 87' lang='lat' dir='ltr'>Romae</span> <span class='ocrx_word' id='word_1_39' title='bbox 1999 842 2254 926; x_wconf 87' lang='lat' dir='ltr'>optimis</span> <span class='ocrx_word' id='word_1_40' title='bbox 2288 841 2540 927; x_wconf 88' lang='lat' dir='ltr'>scriptis</span> <span class='ocrx_word' id='word_1_41' title='bbox 2582 839 3077 925; x_wconf 82' lang='lat' dir='ltr'>divulgavisset,</span> 
     </span>
     <span class='ocr_line' id='line_1_7' title="bbox 649 949 3079 1034; baseline -0.001 -20"><span class='ocrx_word' id='word_1_42' title='bbox 649 970 685 1014; x_wconf 82' lang='lat' dir='ltr'>e</span> <span class='ocrx_word' id='word_1_43' title='bbox 745 958 933 1034; x_wconf 80' lang='lat' dir='ltr'>peete</span> <span class='ocrx_word' id='word_1_44' title='bbox 989 950 1129 1014; x_wconf 81' lang='lat' dir='ltr'>iure</span> <span class='ocrx_word' id='word_1_45' title='bbox 1181 949 1596 1014; x_wconf 80' lang='lat' dir='ltr'>eonstitutum</span> <span class='ocrx_word' id='word_1_46' title='bbox 1645 963 1788 1013; x_wconf 84' lang='lat' dir='ltr'>esse</span> <span class='ocrx_word' id='word_1_47' title='bbox 1838 950 2319 1014; x_wconf 80' lang='lat' dir='ltr'>emendatorem</span> <span class='ocrx_word' id='word_1_48' title='bbox 2370 950 2675 1014; x_wconf 81' lang='lat' dir='ltr'>carminls</span> <span class='ocrx_word' id='word_1_49' title='bbox 2733 949 2811 1014; x_wconf 91' lang='lat' dir='ltr'>de</span> <span class='ocrx_word' id='word_1_50' title='bbox 2858 969 3079 1015; x_wconf 89' lang='lat' dir='ltr'>rerum</span> 
     </span>
     <span class='ocr_line' id='line_1_8' title="bbox 649 1056 3079 1143; baseline 0 -21"><span class='ocrx_word' id='word_1_51' title='bbox 649 1066 901 1122; x_wconf 79' lang='lat' dir='ltr'>natura.</span> <span class='ocrx_word' id='word_1_52' title='bbox 1045 1058 1125 1122; x_wconf 86' lang='lat' dir='ltr'>Et</span> <span class='ocrx_word' id='word_1_53' title='bbox 1173 1078 1313 1122; x_wconf 83' lang='lat' dir='ltr'>eum</span> <span class='ocrx_word' id='word_1_54' title='bbox 1349 1056 1578 1122; x_wconf 86' lang='lat' dir='ltr'>Cicero</span> <span class='ocrx_word' id='word_1_55' title='bbox 1613 1058 1938 1142; x_wconf 85' lang='lat' dir='ltr'>poeticam</span> <span class='ocrx_word' id='word_1_56' title='bbox 1972 1077 2228 1143; x_wconf 89' lang='lat' dir='ltr'>quoque</span> <span class='ocrx_word' id='word_1_57' title='bbox 2262 1058 2603 1143; x_wconf 83' lang='lat' dir='ltr'>attigisset,</span> <span class='ocrx_word' id='word_1_58' title='bbox 2640 1057 3079 1142; x_wconf 84' lang='lat' dir='ltr'>nonnullaque</span> 
     </span>
     <span class='ocr_line' id='line_1_9' title="bbox 645 1166 2922 1254; baseline 0 -24"><span class='ocrx_word' id='word_1_59' title='bbox 645 1174 945 1254; x_wconf 76' lang='lat' dir='ltr'>poemata</span> <span class='ocrx_word' id='word_1_60' title='bbox 985 1166 1470 1250; x_wconf 76' lang='lat' dir='ltr'>eetnpesuisset,</span> <span class='ocrx_word' id='word_1_61' title='bbox 1506 1185 1583 1230; x_wconf 91' lang='lat' dir='ltr'>eo</span> <span class='ocrx_word' id='word_1_62' title='bbox 1620 1167 1826 1250; x_wconf 85' lang='lat' dir='ltr'>magis</span> <span class='ocrx_word' id='word_1_63' title='bbox 1875 1166 1957 1231; x_wconf 89' lang='lat' dir='ltr'>ad</span> <span class='ocrx_word' id='word_1_64' title='bbox 2004 1166 2069 1230; x_wconf 91' lang='lat' dir='ltr'>id</span> <span class='ocrx_word' id='word_1_65' title='bbox 2101 1185 2331 1251; x_wconf 86' lang='lat' dir='ltr'>munus</span> <span class='ocrx_word' id='word_1_66' title='bbox 2366 1171 2556 1250; x_wconf 89' lang='lat' dir='ltr'>aptus</span> <span class='ocrx_word' id='word_1_67' title='bbox 2590 1167 2769 1232; x_wconf 89' lang='lat' dir='ltr'>visus</span> <span class='ocrx_word' id='word_1_68' title='bbox 2804 1172 2922 1237; x_wconf 83' lang='lat' dir='ltr'>est.</span> 
     </span>
    </p>

    <p class='ocr_par' dir='ltr' id='par_1_3' title="bbox 649 1274 3085 3793">
     <span class='ocr_line' id='line_1_10' title="bbox 825 1274 3082 1362; baseline 0.001 -24"><span class='ocrx_word' id='word_1_69' title='bbox 825 1274 1201 1362; x_wconf 78' lang='lat' dir='ltr'>Cempiurie</span> <span class='ocrx_word' id='word_1_70' title='bbox 1248 1274 1537 1360; x_wconf 88' lang='lat' dir='ltr'>profecto</span> <span class='ocrx_word' id='word_1_71' title='bbox 1603 1276 1893 1340; x_wconf 87' lang='lat' dir='ltr'>carmina</span> <span class='ocrx_word' id='word_1_72' title='bbox 1959 1276 2211 1341; x_wconf 89' lang='lat' dir='ltr'>Graeca</span> <span class='ocrx_word' id='word_1_73' title='bbox 2276 1283 2340 1340; x_wconf 86' lang='lat' dir='ltr'>et</span> <span class='ocrx_word' id='word_1_74' title='bbox 2407 1275 2632 1341; x_wconf 86' lang='lat' dir='ltr'>Latina</span> <span class='ocrx_word' id='word_1_75' title='bbox 2696 1276 3082 1361; x_wconf 88' lang='lat' dir='ltr'>conscripsit</span> 
     </span>
     <span class='ocr_line' id='line_1_11' title="bbox 649 1383 3082 1470; baseline -0 -20"><span class='ocrx_word' id='word_1_76' title='bbox 649 1386 877 1450; x_wconf 79' lang='lat' dir='ltr'>Cieere</span> <span class='ocrx_word' id='word_1_77' title='bbox 929 1386 1149 1470; x_wconf 50' lang='grc' dir='ltr'>(Ι-ᾸῚΜἸ</span> <span class='ocrx_word' id='word_1_78' title='bbox 1209 1384 1440 1460; x_wconf 62' lang='lat' dir='ltr'>Cicer„</span> <span class='ocrx_word' id='word_1_79' title='bbox 1489 1384 1595 1468; x_wconf 76' lang='lat'>2);</span> <span class='ocrx_word' id='word_1_80' title='bbox 1639 1383 1753 1448; x_wconf 88' lang='lat' dir='ltr'>sed</span> <span class='ocrx_word' id='word_1_81' title='bbox 1802 1384 1990 1449; x_wconf 90' lang='lat' dir='ltr'>nobis</span> <span class='ocrx_word' id='word_1_82' title='bbox 2024 1383 2285 1450; x_wconf 88' lang='lat' dir='ltr'>videtur</span> <span class='ocrx_word' id='word_1_83' title='bbox 2317 1385 2455 1449; x_wconf 91' lang='lat' dir='ltr'>eius</span> <span class='ocrx_word' id='word_1_84' title='bbox 2489 1385 2676 1450; x_wconf 88' lang='lat' dir='ltr'>Arati</span> <span class='ocrx_word' id='word_1_85' title='bbox 2711 1385 3082 1449; x_wconf 58' lang='lat' dir='ltr'>&#39;carminum</span> 
     </span>
     <span class='ocr_line' id='line_1_12' title="bbox 649 1493 3082 1578; baseline 0 -20"><span class='ocrx_word' id='word_1_86' title='bbox 649 1498 1093 1578; x_wconf 71' lang='lat' dir='ltr'>interpretatio</span> <span class='ocrx_word' id='word_1_87' title='bbox 1153 1494 1496 1578; x_wconf 72' lang='lat' dir='ltr'>praecipue</span> <span class='ocrx_word' id='word_1_88' title='bbox 1561 1493 1894 1558; x_wconf 88' lang='lat' dir='ltr'>Romanos</span> <span class='ocrx_word' id='word_1_89' title='bbox 1958 1493 2285 1578; x_wconf 74' lang='lat' dir='ltr'>impulisse</span> <span class='ocrx_word' id='word_1_90' title='bbox 2349 1493 2431 1559; x_wconf 87' lang='lat' dir='ltr'>ad</span> <span class='ocrx_word' id='word_1_91' title='bbox 2495 1493 2887 1559; x_wconf 88' lang='lat' dir='ltr'>credendum</span> <span class='ocrx_word' id='word_1_92' title='bbox 2936 1514 3082 1558; x_wconf 89' lang='lat' dir='ltr'>eum</span> 
     </span>
     <span class='ocr_line' id='line_1_13' title="bbox 649 1600 3085 1679; baseline -0.002 -9"><span class='ocrx_word' id='word_1_93' title='bbox 649 1606 1017 1670; x_wconf 82' lang='lat' dir='ltr'>Lueretieni</span> <span class='ocrx_word' id='word_1_94' title='bbox 1065 1603 1365 1667; x_wconf 79' lang='lat' dir='ltr'>eei-minis</span> <span class='ocrx_word' id='word_1_95' title='bbox 1412 1600 1899 1665; x_wconf 82' lang='lat' dir='ltr'>emendatorem</span> <span class='ocrx_word' id='word_1_96' title='bbox 1947 1600 2165 1666; x_wconf 88' lang='lat' dir='ltr'>fuisse.</span> <span class='ocrx_word' id='word_1_97' title='bbox 2306 1602 2533 1667; x_wconf 88' lang='lat' dir='ltr'>Cicero</span> <span class='ocrx_word' id='word_1_98' title='bbox 2592 1600 2763 1679; x_wconf 88' lang='lat' dir='ltr'>enim</span> <span class='ocrx_word' id='word_1_99' title='bbox 2810 1621 2940 1666; x_wconf 91' lang='lat' dir='ltr'>non</span> <span class='ocrx_word' id='word_1_100' title='bbox 2987 1621 3085 1666; x_wconf 92' lang='lat' dir='ltr'>so·</span> 
     </span>
     <span class='ocr_line' id='line_1_14' title="bbox 649 1711 3084 1798; baseline -0.001 -20"><span class='ocrx_word' id='word_1_101' title='bbox 649 1714 777 1778; x_wconf 73' lang='lat' dir='ltr'>lue]</span> <span class='ocrx_word' id='word_1_102' title='bbox 845 1714 1013 1778; x_wconf 82' lang='lat' dir='ltr'>illius</span> <span class='ocrx_word' id='word_1_103' title='bbox 1061 1713 1396 1798; x_wconf 77' lang='lat' dir='ltr'>seriptoris</span> <span class='ocrx_word' id='word_1_104' title='bbox 1463 1714 1847 1793; x_wconf 75' lang='grc' dir='ltr'>Φαινὸμενα,</span> <span class='ocrx_word' id='word_1_105' title='bbox 1912 1712 2024 1777; x_wconf 88' lang='lat' dir='ltr'>sed</span> <span class='ocrx_word' id='word_1_106' title='bbox 2090 1712 2283 1778; x_wconf 90' lang='lat' dir='ltr'>etiam</span> <span class='ocrx_word' id='word_1_107' title='bbox 2329 1711 2614 1777; x_wconf 85' lang='lat' dir='ltr'>eiusdem</span> <span class='ocrx_word' id='word_1_108' title='bbox 2670 1711 2925 1786; x_wconf 89' lang='lat' dir='ltr'>librum,</span> <span class='ocrx_word' id='word_1_109' title='bbox 2977 1713 3084 1796; x_wconf 90' lang='lat' dir='ltr'>qui</span> 
     </span>
     <span class='ocr_line' id='line_1_15' title="bbox 653 1821 3084 1909; baseline -0.002 -19"><span class='ocrx_word' id='word_1_110' title='bbox 653 1826 1125 1906; x_wconf 63' lang='grc' dir='ltr'>Πρῡγυωεττικςὲ</span> <span class='ocrx_word' id='word_1_111' title='bbox 1173 1825 1515 1907; x_wconf 82' lang='lat' dir='ltr'>inscriptus</span> <span class='ocrx_word' id='word_1_112' title='bbox 1564 1831 1662 1887; x_wconf 91' lang='lat' dir='ltr'>est</span> <span class='ocrx_word' id='word_1_113' title='bbox 1713 1821 1819 1909; x_wconf 84' lang='lat' dir='ltr'>(cf.</span> <span class='ocrx_word' id='word_1_114' title='bbox 1868 1824 1962 1888; x_wconf 81' lang='lat' dir='ltr'>ad</span> <span class='ocrx_word' id='word_1_115' title='bbox 2004 1825 2159 1900; x_wconf 70' lang='lat' dir='ltr'>Aa„</span> <span class='ocrx_word' id='word_1_116' title='bbox 2212 1823 2291 1898; x_wconf 90' lang='lat' dir='ltr'>II,</span> <span class='ocrx_word' id='word_1_117' title='bbox 2344 1824 2409 1908; x_wconf 85' lang='lat'>1)</span> <span class='ocrx_word' id='word_1_118' title='bbox 2459 1843 2493 1887; x_wconf 93' lang='lat' dir='ltr'>e</span> <span class='ocrx_word' id='word_1_119' title='bbox 2550 1823 2804 1888; x_wconf 88' lang='lat' dir='ltr'>Graeco</span> <span class='ocrx_word' id='word_1_120' title='bbox 2853 1824 2918 1886; x_wconf 91' lang='lat' dir='ltr'>in</span> <span class='ocrx_word' id='word_1_121' title='bbox 2964 1823 3084 1886; x_wconf 83' lang='lat' dir='ltr'>La-</span> 
     </span>
     <span class='ocr_line' id='line_1_16' title="bbox 661 1918 3083 2017; baseline -0.002 -15"><span class='ocrx_word' id='word_1_122' title='bbox 661 1942 857 2002; x_wconf 79' lang='lat' dir='ltr'>tinum</span> <span class='ocrx_word' id='word_1_123' title='bbox 909 1954 1272 2002; x_wconf 77' lang='lat' dir='ltr'>sermenem</span> <span class='ocrx_word' id='word_1_124' title='bbox 1308 1918 1652 1999; x_wconf 83' lang='lat' dir='ltr'>convertit.</span> <span class='ocrx_word' id='word_1_125' title='bbox 1794 1939 2009 2017; x_wconf 86' lang='lat' dir='ltr'>Atque</span> <span class='ocrx_word' id='word_1_126' title='bbox 2058 1935 2419 2014; x_wconf 78' lang='grc' dir='ltr'>Φαινόμενα</span> <span class='ocrx_word' id='word_1_127' title='bbox 2471 1935 2535 1996; x_wconf 92' lang='lat' dir='ltr'>in</span> <span class='ocrx_word' id='word_1_128' title='bbox 2582 1932 2851 1996; x_wconf 90' lang='lat' dir='ltr'>latinum</span> <span class='ocrx_word' id='word_1_129' title='bbox 2908 1931 3083 1996; x_wconf 91' lang='lat' dir='ltr'>Cice-</span> 
     </span>
     <span class='ocr_line' id='line_1_17' title="bbox 653 2043 3083 2130; baseline -0.004 -15"><span class='ocrx_word' id='word_1_130' title='bbox 653 2070 873 2114; x_wconf 73' lang='lat' dir='ltr'>renen]</span> <span class='ocrx_word' id='word_1_131' title='bbox 913 2050 1247 2114; x_wconf 67' lang='lat' dir='ltr'>iuventute</span> <span class='ocrx_word' id='word_1_132' title='bbox 1280 2044 1619 2111; x_wconf 86' lang='lat' dir='ltr'>florentem</span> <span class='ocrx_word' id='word_1_133' title='bbox 1654 2045 2065 2111; x_wconf 81' lang='lat' dir='ltr'>transtulisse</span> <span class='ocrx_word' id='word_1_134' title='bbox 2101 2066 2185 2110; x_wconf 83' lang='lat' dir='ltr'>ex</span> <span class='ocrx_word' id='word_1_135' title='bbox 2218 2046 2417 2130; x_wconf 91' lang='lat' dir='ltr'>ipsius</span> <span class='ocrx_word' id='word_1_136' title='bbox 2452 2044 2816 2110; x_wconf 86' lang='lat' dir='ltr'>testimonio</span> <span class='ocrx_word' id='word_1_137' title='bbox 2859 2043 3083 2108; x_wconf 90' lang='lat' dir='ltr'>intelli·</span> 
     </span>
     <span class='ocr_line' id='line_1_18' title="bbox 649 2156 3085 2246; baseline -0.002 -20"><span class='ocrx_word' id='word_1_138' title='bbox 649 2166 893 2246; x_wconf 60' lang='grc' dir='ltr'>Ηὶιιῑυες</span> <span class='ocrx_word' id='word_1_139' title='bbox 933 2162 993 2226; x_wconf 82' lang='lat' dir='ltr'>in</span> <span class='ocrx_word' id='word_1_140' title='bbox 1029 2162 1193 2226; x_wconf 67' lang='lat' dir='ltr'>litere</span> <span class='ocrx_word' id='word_1_141' title='bbox 1233 2159 1394 2222; x_wconf 86' lang='lat' dir='ltr'>enim</span> <span class='ocrx_word' id='word_1_142' title='bbox 1432 2156 1717 2222; x_wconf 88' lang='lat' dir='ltr'>sec-undo</span> <span class='ocrx_word' id='word_1_143' title='bbox 1753 2157 1821 2240; x_wconf 66' lang='grc' dir='ltr'>(ἓ</span> <span class='ocrx_word' id='word_1_144' title='bbox 1853 2157 2011 2242; x_wconf 77' lang='lat'>204)</span> <span class='ocrx_word' id='word_1_145' title='bbox 2044 2159 2127 2222; x_wconf 82' lang='lat' dir='ltr'>de</span> <span class='ocrx_word' id='word_1_146' title='bbox 2160 2157 2466 2231; x_wconf 70' lang='lat' dir='ltr'>Deorum</span> <span class='ocrx_word' id='word_1_147' title='bbox 2502 2162 2754 2222; x_wconf 71' lang='lat' dir='ltr'>natura</span> <span class='ocrx_word' id='word_1_148' title='bbox 2792 2158 2868 2232; x_wconf 86' lang='lat' dir='ltr'>Q.</span> <span class='ocrx_word' id='word_1_149' title='bbox 2906 2157 3085 2222; x_wconf 90' lang='lat' dir='ltr'>Luci-</span> 
     </span>
     <span class='ocr_line' id='line_1_19' title="bbox 649 2254 3081 2354; baseline -0.001 -20"><span class='ocrx_word' id='word_1_150' title='bbox 649 2274 773 2334; x_wconf 80' lang='lat' dir='ltr'>lius</span> <span class='ocrx_word' id='word_1_151' title='bbox 825 2270 1099 2342; x_wconf 54' lang='lat' dir='ltr'>Balbus,</span> <span class='ocrx_word' id='word_1_152' title='bbox 1137 2272 1239 2350; x_wconf 72' lang='lat' dir='ltr'>qen</span> <span class='ocrx_word' id='word_1_153' title='bbox 1290 2267 1368 2333; x_wconf 86' lang='lat' dir='ltr'>de</span> <span class='ocrx_word' id='word_1_154' title='bbox 1419 2268 1684 2334; x_wconf 89' lang='lat' dir='ltr'>deorum</span> <span class='ocrx_word' id='word_1_155' title='bbox 1734 2276 1969 2334; x_wconf 85' lang='lat' dir='ltr'>natura</span> <span class='ocrx_word' id='word_1_156' title='bbox 2004 2289 2087 2332; x_wconf 82' lang='lat' dir='ltr'>ex</span> <span class='ocrx_word' id='word_1_157' title='bbox 2134 2270 2489 2335; x_wconf 81' lang='lat' dir='ltr'>stoicorum</span> <span class='ocrx_word' id='word_1_158' title='bbox 2526 2254 2932 2354; x_wconf 88' lang='lat' dir='ltr'>opinionibus</span> <span class='ocrx_word' id='word_1_159' title='bbox 2982 2268 3081 2332; x_wconf 91' lang='lat' dir='ltr'>di-</span> 
     </span>
     <span class='ocr_line' id='line_1_20' title="bbox 653 2379 3083 2470; baseline -0.001 -23"><span class='ocrx_word' id='word_1_160' title='bbox 653 2390 885 2470; x_wconf 78' lang='lat' dir='ltr'>eputat‚</span> <span class='ocrx_word' id='word_1_161' title='bbox 937 2382 1097 2446; x_wconf 78' lang='lat' dir='ltr'>haee</span> <span class='ocrx_word' id='word_1_162' title='bbox 1149 2381 1341 2446; x_wconf 73' lang='lat' dir='ltr'>eicit:</span> <span class='ocrx_word' id='word_1_163' title='bbox 1395 2387 1604 2444; x_wconf 78' lang='lat' dir='ltr'>«utar</span> <span class='ocrx_word' id='word_1_164' title='bbox 1635 2379 2030 2444; x_wconf 88' lang='lat' dir='ltr'>carminibus</span> <span class='ocrx_word' id='word_1_165' title='bbox 2067 2381 2269 2457; x_wconf 88' lang='lat' dir='ltr'>Arati,</span> <span class='ocrx_word' id='word_1_166' title='bbox 2319 2381 2432 2455; x_wconf 91' lang='lat' dir='ltr'>eis,</span> <span class='ocrx_word' id='word_1_167' title='bbox 2467 2399 2634 2462; x_wconf 86' lang='lat' dir='ltr'>quae</span> <span class='ocrx_word' id='word_1_168' title='bbox 2682 2399 2719 2444; x_wconf 90' lang='lat' dir='ltr'>a</span> <span class='ocrx_word' id='word_1_169' title='bbox 2771 2385 2832 2443; x_wconf 88' lang='lat' dir='ltr'>te</span> <span class='ocrx_word' id='word_1_170' title='bbox 2868 2379 3083 2445; x_wconf 87' lang='lat' dir='ltr'>admo-</span> 
     </span>
     <span class='ocr_line' id='line_1_21' title="bbox 653 2488 3081 2574; baseline -0.001 -20"><span class='ocrx_word' id='word_1_171' title='bbox 653 2494 801 2558; x_wconf 69' lang='lat' dir='ltr'>dum</span> <span class='ocrx_word' id='word_1_172' title='bbox 837 2491 1318 2558; x_wconf 70' lang='lat' dir='ltr'>aiieleeeentulo</span> <span class='ocrx_word' id='word_1_173' title='bbox 1354 2511 1694 2566; x_wconf 88' lang='lat' dir='ltr'>conversa,</span> <span class='ocrx_word' id='word_1_174' title='bbox 1728 2492 1819 2555; x_wconf 87' lang='lat' dir='ltr'>ita</span> <span class='ocrx_word' id='word_1_175' title='bbox 1853 2510 1953 2555; x_wconf 90' lang='lat' dir='ltr'>me</span> <span class='ocrx_word' id='word_1_176' title='bbox 1990 2488 2326 2567; x_wconf 88' lang='lat' dir='ltr'>delectant,</span> <span class='ocrx_word' id='word_1_177' title='bbox 2378 2492 2526 2574; x_wconf 86' lang='lat' dir='ltr'>quia</span> <span class='ocrx_word' id='word_1_178' title='bbox 2572 2488 2772 2553; x_wconf 86' lang='lat' dir='ltr'>latina</span> <span class='ocrx_word' id='word_1_179' title='bbox 2806 2495 2975 2565; x_wconf 90' lang='lat' dir='ltr'>sunt,</span> <span class='ocrx_word' id='word_1_180' title='bbox 3011 2496 3081 2552; x_wconf 89' lang='lat' dir='ltr'>ut</span> 
     </span>
     <span class='ocr_line' id='line_1_22' title="bbox 653 2602 3081 2694; baseline -0.002 -24"><span class='ocrx_word' id='word_1_181' title='bbox 653 2606 849 2670; x_wconf 75' lang='lat' dir='ltr'>multu</span> <span class='ocrx_word' id='word_1_182' title='bbox 909 2626 993 2670; x_wconf 67' lang='lat' dir='ltr'>ex</span> <span class='ocrx_word' id='word_1_183' title='bbox 1049 2610 1121 2670; x_wconf 80' lang='lat' dir='ltr'>iis</span> <span class='ocrx_word' id='word_1_184' title='bbox 1161 2604 1464 2670; x_wconf 80' lang='lat' dir='ltr'>memoria</span> <span class='ocrx_word' id='word_1_185' title='bbox 1515 2611 1852 2670; x_wconf 79' lang='lat' dir='ltr'>teneam.»</span> <span class='ocrx_word' id='word_1_186' title='bbox 1996 2605 2291 2679; x_wconf 79' lang='lat' dir='ltr'>Aratum,</span> <span class='ocrx_word' id='word_1_187' title='bbox 2342 2604 2449 2686; x_wconf 88' lang='lat' dir='ltr'>qui</span> <span class='ocrx_word' id='word_1_188' title='bbox 2500 2622 2538 2666; x_wconf 88' lang='lat'>«</span> <span class='ocrx_word' id='word_1_189' title='bbox 2570 2602 2762 2694; x_wconf 86' lang='lat' dir='ltr'>homo</span> <span class='ocrx_word' id='word_1_190' title='bbox 2810 2603 3081 2687; x_wconf 82' lang='lat' dir='ltr'>ignarus</span> 
     </span>
     <span class='ocr_line' id='line_1_23' title="bbox 649 2711 3081 2802; baseline -0.001 -24"><span class='ocrx_word' id='word_1_191' title='bbox 649 2714 1061 2802; x_wconf 68' lang='lat' dir='ltr'>eetrelegiee,</span> <span class='ocrx_word' id='word_1_192' title='bbox 1113 2715 1537 2779; x_wconf 79' lang='lat' dir='ltr'>eruatis-simis</span> <span class='ocrx_word' id='word_1_193' title='bbox 1572 2719 1766 2796; x_wconf 88' lang='lat' dir='ltr'>atque</span> <span class='ocrx_word' id='word_1_194' title='bbox 1802 2714 2056 2798; x_wconf 89' lang='lat' dir='ltr'>optimis</span> <span class='ocrx_word' id='word_1_195' title='bbox 2090 2712 2388 2778; x_wconf 88' lang='lat' dir='ltr'>versibus</span> <span class='ocrx_word' id='word_1_196' title='bbox 2424 2712 2502 2777; x_wconf 89' lang='lat' dir='ltr'>de</span> <span class='ocrx_word' id='word_1_197' title='bbox 2536 2711 2716 2776; x_wconf 89' lang='lat' dir='ltr'>caelo</span> <span class='ocrx_word' id='word_1_198' title='bbox 2751 2711 3081 2795; x_wconf 84' lang='lat' dir='ltr'>stellisque</span> 
     </span>
     <span class='ocr_line' id='line_1_24' title="bbox 653 2815 3083 2910; baseline -0.002 -20"><span class='ocrx_word' id='word_1_199' title='bbox 653 2826 809 2890; x_wconf 67' lang='lat' dir='ltr'>[lixit</span> <span class='ocrx_word' id='word_1_200' title='bbox 861 2826 969 2910; x_wconf 62' lang='lat' dir='ltr'>(effe</span> <span class='ocrx_word' id='word_1_201' title='bbox 1029 2826 1234 2898; x_wconf 59' lang='lat' dir='ltr'>(Eli-ef„</span> <span class='ocrx_word' id='word_1_202' title='bbox 1288 2825 1346 2901; x_wconf 89' lang='lat'>1,</span> <span class='ocrx_word' id='word_1_203' title='bbox 1405 2815 1503 2900; x_wconf 79' lang='lat'>16,</span> <span class='ocrx_word' id='word_1_204' title='bbox 1546 2824 1722 2905; x_wconf 80' lang='grc'><em>69)»</em></span> <span class='ocrx_word' id='word_1_205' title='bbox 1790 2830 1855 2887; x_wconf 87' lang='lat' dir='ltr'>et</span> <span class='ocrx_word' id='word_1_206' title='bbox 1923 2845 1960 2888; x_wconf 89' lang='lat'>«</span> <span class='ocrx_word' id='word_1_207' title='bbox 1995 2843 2122 2887; x_wconf 90' lang='lat' dir='ltr'>non</span> <span class='ocrx_word' id='word_1_208' title='bbox 2189 2823 2581 2908; x_wconf 85' lang='lat' dir='ltr'>astrologiae</span> <span class='ocrx_word' id='word_1_209' title='bbox 2631 2824 2917 2897; x_wconf 89' lang='lat' dir='ltr'>scientia,</span> <span class='ocrx_word' id='word_1_210' title='bbox 2969 2821 3083 2886; x_wconf 87' lang='lat' dir='ltr'>sed</span> 
     </span>
     <span class='ocr_line' id='line_1_25' title="bbox 649 2934 3079 3023; baseline 0 -25"><span class='ocrx_word' id='word_1_211' title='bbox 649 2938 897 3022; x_wconf 76' lang='lat' dir='ltr'>peetiee.</span> <span class='ocrx_word' id='word_1_212' title='bbox 937 2934 1213 3018; x_wconf 72' lang='lat' dir='ltr'>quadani</span> <span class='ocrx_word' id='word_1_213' title='bbox 1248 2934 1557 3000; x_wconf 84' lang='lat' dir='ltr'>facultate</span> <span class='ocrx_word' id='word_1_214' title='bbox 1595 2936 1704 3022; x_wconf 79' lang='lat' dir='ltr'>(de</span> <span class='ocrx_word' id='word_1_215' title='bbox 1729 2937 1920 3021; x_wconf 67' lang='lat' dir='ltr'>Rep„</span> <span class='ocrx_word' id='word_1_216' title='bbox 1948 2937 2010 3011; x_wconf 84' lang='lat'>1,</span> <span class='ocrx_word' id='word_1_217' title='bbox 2046 2938 2153 3012; x_wconf 88' lang='lat'>36,</span> <span class='ocrx_word' id='word_1_218' title='bbox 2181 2937 2294 3023; x_wconf 83' lang='lat'>56)</span> <span class='ocrx_word' id='word_1_219' title='bbox 2321 2959 2356 3000; x_wconf 87' lang='lat'>»</span> <span class='ocrx_word' id='word_1_220' title='bbox 2389 2940 2676 3004; x_wconf 85' lang='lat' dir='ltr'>carmina</span> <span class='ocrx_word' id='word_1_221' title='bbox 2704 2935 3079 3021; x_wconf 86' lang='lat' dir='ltr'>composuit,</span> 
     </span>
     <span class='ocr_line' id='line_1_26' title="bbox 653 3045 3080 3131; baseline -0 -21"><span class='ocrx_word' id='word_1_222' title='bbox 653 3046 973 3110; x_wconf 81' lang='lat' dir='ltr'>ueunullis</span> <span class='ocrx_word' id='word_1_223' title='bbox 1021 3046 1177 3110; x_wconf 78' lang='lat' dir='ltr'>lueis</span> <span class='ocrx_word' id='word_1_224' title='bbox 1229 3067 1490 3131; x_wconf 89' lang='lat' dir='ltr'>operum</span> <span class='ocrx_word' id='word_1_225' title='bbox 1540 3065 1808 3110; x_wconf 91' lang='lat' dir='ltr'>suorum</span> <span class='ocrx_word' id='word_1_226' title='bbox 1858 3045 2079 3112; x_wconf 88' lang='lat' dir='ltr'>laudat</span> <span class='ocrx_word' id='word_1_227' title='bbox 2112 3047 2362 3110; x_wconf 80' lang='lat' dir='ltr'>Cicero,</span> <span class='ocrx_word' id='word_1_228' title='bbox 2502 3049 2779 3112; x_wconf 88' lang='lat' dir='ltr'>Praeter</span> <span class='ocrx_word' id='word_1_229' title='bbox 2826 3066 3080 3121; x_wconf 88' lang='lat' dir='ltr'>versus,</span> 
     </span>
     <span class='ocr_line' id='line_1_27' title="bbox 653 3154 3081 3239; baseline -0.001 -21"><span class='ocrx_word' id='word_1_230' title='bbox 653 3174 813 3238; x_wconf 81' lang='lat' dir='ltr'>ques</span> <span class='ocrx_word' id='word_1_231' title='bbox 861 3174 1053 3238; x_wconf 77' lang='lat' dir='ltr'>saepe</span> <span class='ocrx_word' id='word_1_232' title='bbox 1109 3158 1240 3238; x_wconf 77' lang='lat' dir='ltr'>ipse</span> <span class='ocrx_word' id='word_1_233' title='bbox 1287 3157 1349 3218; x_wconf 86' lang='lat' dir='ltr'>in</span> <span class='ocrx_word' id='word_1_234' title='bbox 1384 3155 1639 3239; x_wconf 89' lang='lat' dir='ltr'>scriptis</span> <span class='ocrx_word' id='word_1_235' title='bbox 1674 3154 1894 3229; x_wconf 86' lang='lat' dir='ltr'>refert,</span> <span class='ocrx_word' id='word_1_236' title='bbox 1929 3155 2061 3218; x_wconf 84' lang='lat'>480</span> <span class='ocrx_word' id='word_1_237' title='bbox 2094 3175 2325 3220; x_wconf 87' lang='lat' dir='ltr'>versus</span> <span class='ocrx_word' id='word_1_238' title='bbox 2360 3155 2496 3220; x_wconf 84' lang='lat' dir='ltr'>eius</span> <span class='ocrx_word' id='word_1_239' title='bbox 2530 3155 3081 3239; x_wconf 86' lang='lat' dir='ltr'>interpretationis</span> 
     </span>
     <span class='ocr_line' id='line_1_28' title="bbox 653 3265 3081 3351; baseline -0.001 -21"><span class='ocrx_word' id='word_1_240' title='bbox 653 3266 733 3330; x_wconf 66' lang='lat' dir='ltr'>etl</span> <span class='ocrx_word' id='word_1_241' title='bbox 793 3286 909 3330; x_wconf 81' lang='lat' dir='ltr'>nee</span> <span class='ocrx_word' id='word_1_242' title='bbox 965 3273 1401 3350; x_wconf 66' lang='lat' dir='ltr'>pervenerunt</span> <span class='ocrx_word' id='word_1_243' title='bbox 1460 3268 1563 3351; x_wconf 89' lang='lat' dir='ltr'>(V.</span> <span class='ocrx_word' id='word_1_244' title='bbox 1623 3267 1941 3341; x_wconf 76' lang='lat' dir='ltr'>BahrenS,</span> <span class='ocrx_word' id='word_1_245' title='bbox 1992 3267 2237 3331; x_wconf 80' lang='lat' dir='ltr'>Poetae</span> <span class='ocrx_word' id='word_1_246' title='bbox 2285 3267 2393 3330; x_wconf 65' lang='lat' dir='ltr'>lac.</span> <span class='ocrx_word' id='word_1_247' title='bbox 2445 3267 2774 3342; x_wconf 56' lang='lat' dir='ltr'>minore&amp;</span> <span class='ocrx_word' id='word_1_248' title='bbox 2824 3265 2952 3332; x_wconf 81' lang='lat' dir='ltr'>vol.</span> <span class='ocrx_word' id='word_1_249' title='bbox 3004 3265 3081 3351; x_wconf 89' lang='lat'>1.)</span> 
     </span>
     <span class='ocr_line' id='line_1_29' title="bbox 653 3378 3083 3463; baseline -0 -21"><span class='ocrx_word' id='word_1_250' title='bbox 653 3382 897 3442; x_wconf 75' lang='lat' dir='ltr'>Aratus</span> <span class='ocrx_word' id='word_1_251' title='bbox 945 3378 1153 3442; x_wconf 76' lang='lat' dir='ltr'>studia</span> <span class='ocrx_word' id='word_1_252' title='bbox 1205 3380 1507 3443; x_wconf 83' lang='lat' dir='ltr'>scientiae</span> <span class='ocrx_word' id='word_1_253' title='bbox 1557 3379 2092 3463; x_wconf 83' lang='lat' dir='ltr'>cognitionesque</span> <span class='ocrx_word' id='word_1_254' title='bbox 2128 3379 2428 3444; x_wconf 89' lang='lat' dir='ltr'>versibus</span> <span class='ocrx_word' id='word_1_255' title='bbox 2476 3398 2803 3461; x_wconf 85' lang='lat' dir='ltr'>exponere</span> <span class='ocrx_word' id='word_1_256' title='bbox 2846 3397 3083 3461; x_wconf 86' lang='lat' dir='ltr'>easque</span> 
     </span>
     <span class='ocr_line' id='line_1_30' title="bbox 653 3490 3078 3580; baseline -0.001 -26"><span class='ocrx_word' id='word_1_257' title='bbox 653 3490 713 3554; x_wconf 83' lang='lat' dir='ltr'>in</span> <span class='ocrx_word' id='word_1_258' title='bbox 765 3490 1037 3554; x_wconf 75' lang='lat' dir='ltr'>inedium</span> <span class='ocrx_word' id='word_1_259' title='bbox 1089 3490 1378 3574; x_wconf 79' lang='lat' dir='ltr'>preferre</span> <span class='ocrx_word' id='word_1_260' title='bbox 1443 3492 1673 3574; x_wconf 77' lang='lat' dir='ltr'>cupiit:</span> <span class='ocrx_word' id='word_1_261' title='bbox 1739 3490 1853 3555; x_wconf 89' lang='lat' dir='ltr'>sed</span> <span class='ocrx_word' id='word_1_262' title='bbox 1903 3490 2074 3575; x_wconf 86' lang='lat' dir='ltr'>quod</span> <span class='ocrx_word' id='word_1_263' title='bbox 2138 3492 2256 3555; x_wconf 87' lang='lat' dir='ltr'>sibi</span> <span class='ocrx_word' id='word_1_264' title='bbox 2323 3496 2752 3575; x_wconf 86' lang='lat' dir='ltr'>proposuerat</span> <span class='ocrx_word' id='word_1_265' title='bbox 2816 3490 3078 3580; x_wconf 85' lang='lat' dir='ltr'>Aratus,</span> 
     </span>
     <span class='ocr_line' id='line_1_31' title="bbox 653 3595 3082 3684; baseline -0.001 -22"><span class='ocrx_word' id='word_1_266' title='bbox 653 3618 865 3662; x_wconf 79' lang='lat' dir='ltr'>nenne</span> <span class='ocrx_word' id='word_1_267' title='bbox 901 3598 1021 3662; x_wconf 71' lang='lat' dir='ltr'>sihi</span> <span class='ocrx_word' id='word_1_268' title='bbox 1057 3599 1388 3684; x_wconf 77' lang='lat' dir='ltr'>preposuit</span> <span class='ocrx_word' id='word_1_269' title='bbox 1414 3599 1604 3663; x_wconf 88' lang='lat' dir='ltr'>etiarn</span> <span class='ocrx_word' id='word_1_270' title='bbox 1634 3597 2015 3664; x_wconf 66' lang='lat' dir='ltr'>Lucretius?</span> <span class='ocrx_word' id='word_1_271' title='bbox 2110 3599 2277 3674; x_wconf 82' lang='lat' dir='ltr'>Quid</span> <span class='ocrx_word' id='word_1_272' title='bbox 2308 3599 2649 3664; x_wconf 79' lang='lat' dir='ltr'>LucretiuS</span> <span class='ocrx_word' id='word_1_273' title='bbox 2684 3595 2938 3662; x_wconf 85' lang='lat' dir='ltr'>efficere</span> <span class='ocrx_word' id='word_1_274' title='bbox 2974 3616 3082 3662; x_wconf 86' lang='lat' dir='ltr'>vo·</span> 
     </span>
     <span class='ocr_line' id='line_1_32' title="bbox 653 3706 2071 3793; baseline 0 -23"><span class='ocrx_word' id='word_1_275' title='bbox 653 3706 841 3774; x_wconf 81' lang='lat' dir='ltr'>luerit</span> <span class='ocrx_word' id='word_1_276' title='bbox 877 3730 957 3774; x_wconf 69' lang='lat' dir='ltr'>ex</span> <span class='ocrx_word' id='word_1_277' title='bbox 1009 3710 1109 3770; x_wconf 81' lang='lat' dir='ltr'>hie</span> <span class='ocrx_word' id='word_1_278' title='bbox 1145 3706 1438 3773; x_wconf 63' lang='lat' dir='ltr'>versibus</span> <span class='ocrx_word' id='word_1_279' title='bbox 1489 3715 1586 3772; x_wconf 89' lang='lat' dir='ltr'>est</span> <span class='ocrx_word' id='word_1_280' title='bbox 1620 3709 2071 3793; x_wconf 88' lang='lat' dir='ltr'>perspicuum:</span> 
     </span>
    </p>
   </div>
   <div class='ocr_carea' id='block_1_3' title="bbox 1037 3892 2939 4242">
    <p class='ocr_par' dir='ltr' id='par_1_4' title="bbox 1037 3892 2413 3964">
     <span class='ocr_line' id='line_1_33' title="bbox 1037 3892 2413 3964; baseline -0.003 -14"><span class='ocrx_word' id='word_1_281' title='bbox 1037 3898 1173 3950; x_wconf 72' lang='lat' dir='ltr'>Nam</span> <span class='ocrx_word' id='word_1_282' title='bbox 1217 3894 1316 3948; x_wconf 84' lang='lat' dir='ltr'>tibi</span> <span class='ocrx_word' id='word_1_283' title='bbox 1355 3893 1420 3946; x_wconf 91' lang='lat' dir='ltr'>de</span> <span class='ocrx_word' id='word_1_284' title='bbox 1457 3909 1673 3948; x_wconf 88' lang='lat' dir='ltr'>summa</span> <span class='ocrx_word' id='word_1_285' title='bbox 1711 3893 1847 3947; x_wconf 87' lang='lat' dir='ltr'>caeli</span> <span class='ocrx_word' id='word_1_286' title='bbox 1888 3892 2101 3948; x_wconf 85' lang='lat' dir='ltr'>ratione</span> <span class='ocrx_word' id='word_1_287' title='bbox 2141 3893 2413 3964; x_wconf 88' lang='lat' dir='ltr'>deumque</span> 
     </span>
    </p>

    <p class='ocr_par' dir='ltr' id='par_1_5' title="bbox 1037 3985 2564 4056">
     <span class='ocr_line' id='line_1_34' title="bbox 1037 3985 2564 4056; baseline -0.003 -14"><span class='ocrx_word' id='word_1_288' title='bbox 1037 3990 1298 4042; x_wconf 69' lang='lat' dir='ltr'>disserere</span> <span class='ocrx_word' id='word_1_289' title='bbox 1336 3987 1614 4056; x_wconf 83' lang='lat' dir='ltr'>incipiam,</span> <span class='ocrx_word' id='word_1_290' title='bbox 1655 3989 1708 4038; x_wconf 89' lang='lat' dir='ltr'>et</span> <span class='ocrx_word' id='word_1_291' title='bbox 1746 4002 1932 4040; x_wconf 88' lang='lat' dir='ltr'>rerum</span> <span class='ocrx_word' id='word_1_292' title='bbox 1973 3987 2272 4056; x_wconf 82' lang='lat' dir='ltr'>primordia</span> <span class='ocrx_word' id='word_1_293' title='bbox 2310 3985 2564 4056; x_wconf 84' lang='lat' dir='ltr'>pandam,</span> 
     </span>
    </p>

    <p class='ocr_par' dir='ltr' id='par_1_6' title="bbox 1037 4067 2485 4148">
     <span class='ocr_line' id='line_1_35' title="bbox 1037 4067 2485 4148; baseline 0 -18"><span class='ocrx_word' id='word_1_294' title='bbox 1037 4082 1181 4130; x_wconf 62' lang='lat' dir='ltr'>uncte</span> <span class='ocrx_word' id='word_1_295' title='bbox 1221 4079 1398 4132; x_wconf 83' lang='lat' dir='ltr'>omnis</span> <span class='ocrx_word' id='word_1_296' title='bbox 1435 4083 1637 4130; x_wconf 84' lang='lat' dir='ltr'>natura</span> <span class='ocrx_word' id='word_1_297' title='bbox 1675 4081 1825 4130; x_wconf 88' lang='lat' dir='ltr'>creet</span> <span class='ocrx_word' id='word_1_298' title='bbox 1863 4094 1965 4144; x_wconf 80' lang='lat' dir='ltr'>reS,</span> <span class='ocrx_word' id='word_1_299' title='bbox 2004 4082 2203 4143; x_wconf 87' lang='lat' dir='ltr'>auctet,</span> <span class='ocrx_word' id='word_1_300' title='bbox 2244 4067 2485 4148; x_wconf 84' lang='lat' dir='ltr'>alatque,</span> 
     </span>
    </p>

    <p class='ocr_par' dir='ltr' id='par_1_7' title="bbox 1037 4152 2939 4242">
     <span class='ocr_line' id='line_1_36' title="bbox 1037 4152 2939 4242; baseline 0.001 -20"><span class='ocrx_word' id='word_1_301' title='bbox 1037 4190 1209 4242; x_wconf 67' lang='lat' dir='ltr'>quere</span> <span class='ocrx_word' id='word_1_302' title='bbox 1244 4171 1430 4241; x_wconf 84' lang='lat' dir='ltr'>eadem</span> <span class='ocrx_word' id='word_1_303' title='bbox 1474 4152 1669 4224; x_wconf 75' lang='lat' dir='ltr'>rursus</span> <span class='ocrx_word' id='word_1_304' title='bbox 1704 4176 1909 4225; x_wconf 83' lang='lat' dir='ltr'>natura</span> <span class='ocrx_word' id='word_1_305' title='bbox 1946 4176 2229 4242; x_wconf 79' lang='lat' dir='ltr'>perempta</span> <span class='ocrx_word' id='word_1_306' title='bbox 2268 4171 2502 4225; x_wconf 86' lang='lat' dir='ltr'>resolvat</span> <span class='ocrx_word' id='word_1_307' title='bbox 2536 4169 2609 4239; x_wconf 90' lang='lat' dir='ltr'>(l,</span> <span class='ocrx_word' id='word_1_308' title='bbox 2647 4169 2734 4224; x_wconf 81' lang='lat'>54.</span> <span class='ocrx_word' id='word_1_309' title='bbox 2773 4160 2939 4241; x_wconf 49' lang='lat' dir='ltr'>sqq.).’</span> 
     </span>
    </p>
   </div>
   <div class='ocr_carea' id='block_1_4' title="bbox 661 4346 3081 4550">
    <p class='ocr_par' dir='ltr' id='par_1_8' title="bbox 661 4346 3081 4550">
     <span class='ocr_line' id='line_1_37' title="bbox 829 4346 3081 4437; baseline -0.001 -23"><span class='ocrx_word' id='word_1_310' title='bbox 829 4346 1057 4434; x_wconf 72' lang='lat' dir='ltr'>Neque</span> <span class='ocrx_word' id='word_1_311' title='bbox 1101 4358 1197 4414; x_wconf 80' lang='lat' dir='ltr'>eet</span> <span class='ocrx_word' id='word_1_312' title='bbox 1233 4347 1622 4416; x_wconf 84' lang='lat' dir='ltr'>credendum</span> <span class='ocrx_word' id='word_1_313' title='bbox 1657 4350 1959 4433; x_wconf 88' lang='lat' dir='ltr'>antiquos</span> <span class='ocrx_word' id='word_1_314' title='bbox 1994 4351 2055 4415; x_wconf 87' lang='lat' dir='ltr'>id</span> <span class='ocrx_word' id='word_1_315' title='bbox 2089 4350 2366 4437; x_wconf 82' lang='lat' dir='ltr'>fugisse3</span> <span class='ocrx_word' id='word_1_316' title='bbox 2397 4349 2584 4417; x_wconf 89' lang='lat' dir='ltr'>facile</span> <span class='ocrx_word' id='word_1_317' title='bbox 2619 4350 2785 4415; x_wconf 88' lang='lat' dir='ltr'>enim</span> <span class='ocrx_word' id='word_1_318' title='bbox 2823 4355 2962 4414; x_wconf 87' lang='lat' dir='ltr'>erat</span> <span class='ocrx_word' id='word_1_319' title='bbox 2995 4348 3081 4412; x_wconf 89' lang='lat' dir='ltr'>in·</span> 
     </span>
     <span class='ocr_line' id='line_1_38' title="bbox 661 4458 3076 4550; baseline -0 -24"><span class='ocrx_word' id='word_1_320' title='bbox 661 4458 949 4550; x_wconf 74' lang='lat' dir='ltr'>telligere</span> <span class='ocrx_word' id='word_1_321' title='bbox 1001 4466 1272 4526; x_wconf 76' lang='lat' dir='ltr'>Aratum</span> <span class='ocrx_word' id='word_1_322' title='bbox 1310 4461 1809 4547; x_wconf 89' lang='lat' dir='ltr'>Lucretiumque</span> <span class='ocrx_word' id='word_1_323' title='bbox 1856 4460 1990 4526; x_wconf 87' lang='lat' dir='ltr'>fere</span> <span class='ocrx_word' id='word_1_324' title='bbox 2028 4461 2106 4528; x_wconf 85' lang='lat' dir='ltr'>ad</span> <span class='ocrx_word' id='word_1_325' title='bbox 2156 4483 2293 4527; x_wconf 88' lang='lat' dir='ltr'>rem</span> <span class='ocrx_word' id='word_1_326' title='bbox 2344 4461 2618 4529; x_wconf 88' lang='lat' dir='ltr'>eandem</span> <span class='ocrx_word' id='word_1_327' title='bbox 2665 4461 3076 4549; x_wconf 86' lang='lat' dir='ltr'>pertinuisse,</span> 
     </span>
    </p>
   </div>
   <div class='ocr_carea' id='block_1_5' title="bbox 3371 0 3468 2324">
    <p class='ocr_par' dir='ltr' id='par_1_9' title="bbox 3371 0 3468 2324">
     <span class='ocr_line' id='line_1_39' title="bbox 3371 0 3468 2324; baseline 0 0"><span class='ocrx_word' id='word_1_328' title='bbox 3371 0 3468 2324; x_wconf 95' lang='lat' dir='ltr'> </span> 
     </span>
    </p>
   </div>
   <div class='ocr_carea' id='block_1_6' title="bbox 3449 3402 3509 4616">
    <p class='ocr_par' dir='ltr' id='par_1_10' title="bbox 3449 3402 3509 4616">
     <span class='ocr_line' id='line_1_40' title="bbox 3449 3402 3509 4616; baseline 0 0"><span class='ocrx_word' id='word_1_329' title='bbox 3449 3402 3509 4616; x_wconf 95' lang='lat' dir='ltr'> </span> 
     </span>
    </p>
   </div>
  </div>
 </body>
</html>
