3592 4942
760 251 939 335 ,19-

242 410 380 480 alterum
396 409 545 478 nimirum
563 405 603 477 ad
620 408 775 476 scientiae
792 402 1230 492 cognitionesevulgandas,
1253 403 1392 473 alterum
1415 400 1457 471 ad

190 555 192 559 ·
240 543 350 592 rerum
364 531 514 592 naturam
532 518 769 607 exponendam.
828 516 899 582 Hac
914 513 1042 600 quidem
1055 518 1181 583 ratione
1198 517 1338 583 Romani
1353 536 1458 603 gram·
1566 506 1571 509 ⁷

240 633 348 699 matici
361 653 420 719 pro
438 638 527 699 certo
544 629 731 696 habuerunt
743 626 943 703 Ciceronem,
961 625 1015 711 qui
1030 625 1152 692 Aratea
1168 625 1201 690 in
1217 626 1368 692 Latinum
1385 644 1458 691 con-

242 741 404 819 vertisset,
428 739 615 806 Lucretiani
639 755 766 821 quoque
796 735 948 802 carminis
975 734 1133 802 editorem
1149 733 1259 802 luisse.
1329 737 1365 800 ln
1393 754 1458 819 qua

242 832 486 915 sententia‘sine
503 847 600 937 dubio
618 843 799 912 confirmati
816 847 891 908 sunt
908 842 1139 909 imitationibus
1156 844 1352 910 Arateorum
1370 841 1459 907 Cice·

243 961 343 1038 conis,
367 979 448 1044 quas
473 959 505 1024 in
521 957 665 1024 Lucretii
689 953 780 1020 libris
797 951 884 1020 haud
908 951 1037 1018 difficile
1053 959 1103 1018 est
1120 952 1375 1040 deprehendere.

331 1069 454 1134 Harum
467 1067 682 1132 imitationum
695 1050 843 1148 exempla
856 1062 978 1148 primus
993 1058 1124 1148 collegit
1134 1063 1250 1129 Munro
1265 1063 1324 1150 (cd
1340 1063 1456 1137 Lucu,

242 1183 272 1259 5,
297 1181 387 1267 619),
413 1200 456 1245 ex
479 1179 594 1266 quibus
619 1195 723 1264 pauca
746 1175 799 1240 hic
822 1172 953 1241 adferre
977 1173 1065 1253 libet,
1089 1181 1125 1240 ut
1148 1175 1234 1262 quod
1258 1175 1456 1242 asseruimus

241 1271 347 1380 magis
371 1292 576 1378 perspicuum
600 1290 650 1354 sit.
706 1285 708 1290 ’
976 1278 978 1280 ’
1290 1270 1292 1275 ’

333 1397 400 1466 Cic.
424 1419 457 1468 v.
481 1398 568 1467 232:

504 1523 624 1579 quorum
643 1520 694 1576 ego
713 1520 787 1560 nunc
806 1520 911 1576 nequeo
931 1506 1017 1559 tortos
1030 1502 1153 1560 evolvere
1171 1520 1273 1585 cursus

300 1705 301 1708 Ἴ
333 1605 427 1673 Lucr.
451 1602 483 1682 3,
508 1601 595 1670 316:

508 1727 627 1785 quorum
647 1725 697 1782 ego
717 1710 791 1766 nunc
812 1726 916 1784 nequeo
935 1726 1028 1766 088088
1047 1726 1183 1784 exponere
1200 1726 1310 1780 causa83

336 1811 402 1879 Cic.
427 1829 459 1880 v.
483 1809 570 1876 237:

508 1959 514 1976 .
535 1959 541 1974 .
563 1921 700 1975 ,aeterno
720 1915 871 1972 lustrantes
889 1917 997 1973 lumine
1014 1917 1150 1983 mundum
1203 1943 1223 1961 ·-

333 2015 429 2084 Lucr.
453 2015 486 2094 5,
511 2015 620 2082 1437:

543 2166 551 2183 .
570 2167 576 2181 .
597 2167 603 2182 .
623 2141 672 2181 suo
691 2125 841 2181 lustrantes
860 2125 967 2182 lumine
985 2127 1109 2197 circnm3
1166 2159 1170 2166 -

226 2279 232 2286 .
333 2222 400 2290 Cic.
426 2239 458 2292 v.
481 2221 566 2290 252:
825 2319 829 2328 .

240 2363 244 2368 ·
508 2376 514 2394 .
534 2377 540 2392 .
561 2379 567 2392 .
586 2333 655 2391 caeli
673 2337 795 2392 lustrare
813 2351 943 2392 cavernas
998 2361 1000 2364 ⁴

333 2425 430 2499 Lttcr.
455 2433 487 2510 4,
512 2429 573 2499 171
601 2437 633 2498 et
655 2432 743 2500 252:

505 2585 512 2600 .
531 2586 538 2600 .
558 2584 565 2600 .
585 2547 612 2599 et
631 2560 746 2614 magnas
764 2545 833 2600 caeli
852 2546 1002 2616 complesse
1019 2561 1164 2613 cavernam

333 2637 398 2706 cn..
423 2607 456 2706 ν’.
480 2637 567 2705 337:
654 2653 664 2664 ·

650 2786 657 2801 .
678 2787 684 2800 .
704 2785 710 2800 .
729 2746 810 2816 signa
829 2746 953 2802 revisunt

334 2837 441 2906 Lucr.¹
454 2839 486 2918 5,
510 2839 597 2907 636:
948 2843 950 2845 ’

652 2991 659 3008 .
678 2993 684 3007 .
706 2993 711 3006 .
731 2953 797 3024 quia
815 2953 894 3022 signa
913 2952 1053 3020 revisuut3

335 3041 399 3109 Cic.
424 3061 456 3112 v.
481 3043 569 3110 287:

652 3177 659 3207 a
677 3193 684 3208 .
705 3193 711 3207 .
731 3157 792 3208 rota
810 3151 915 3206 fervida
932 3151 998 3208 solis

333 3241 429 3309 Lucr.
453 3242 486 3321 5,
510 3243 577 3310 452
600 3247 633 3309 et
656 3243 743 3314 564:

650 3352 955 3412 ...solisrota,...

332 3447 383 3512 Ex
400 3447 449 3513 his
473 3447 609 3534 aliisque
626 3447 783 3515 eiusmodi
800 3449 956 3535 exemplis
980 3448 1151 3535 perspicue
1175 3445 1310 3534 adparet
1333 3444 1458 3514 Lucre·

244 3555 322 3619 tium
354 3554 518 3623 Ciceronis
550 3560 671 3624 Aratea
702 3562 778 3622 ante
810 3557 922 3624 oculos
953 3557 1107 3624 habuisse
1137 3562 1245 3643 atque,
1273 3563 1309 3622 ut
1339 3558 1457 3622 Muoro

234 3659 392 3744 ostendit,
419 3669 538 3754 passim
563 3689 602 3734 ea
625 3669 784 3734 imitatum
814 3689 895 3735 esse.
967 3671 1037 3734 Hae
1068 3671 1167 3756 igitur
1191 3674 1224 3734 et
1251 3671 1333 3754 quae
1358 3688 1458 3754 supra

244 3773 416 3842 adtulimus
433 3783 519 3854 suot,
536 3784 650 3844 nostra
679 3779 848 3855 sententia,
873 3779 1067 3864 praecipuae
1091 3798 1220 3855 causae,
1246 3779 1361 3863 quibus
1384 3780 1455 3846 Ro·

243 3888 329 3952 mani
346 3887 521 3974 scriptores
538 3889 672 3956 secundi
695 3889 816 3955 saeculi
831 3897 906 3976 post
922 3891 998 3956 Chr.
1016 3911 1047 3955 n.
1065 3889 1251 3956 censuerint
1267 3889 1459 3955 Ciceronem
1529 3918 1531 3929 ,

242 3998 384 4062 Lucretii
408 4018 539 4064 carmen
557 3997 713 4065 edidisse:
738 4017 832 4083 quam
859 3999 970 4084 procul
995 4019 1014 4065 a
1038 4000 1176 4067 veritate
1199 3996 1350 4077 afuerint,
1369 4001 1457 4076 satis,

243 4111 278 4172 ut
295 4107 387 4173 nobis
404 4096 543 4187 videtur,
569 4107 823 4175 demonstratum
848 4115 909 4175 est.

1095 4319 1426 4439 ssffilr‘stssffffi

1090 4384 1106 4427 s'
1212 4410 1224 4427 ·-
1269 4399 1319 4435 r'rtc‘
1359 4395 1367 4405 “
1404 4387 1434 4436 xc.

596 4433 1022 4446 m

1139 4459 1395 4521 „tenuastis
1430 4441 1444 4539 gl

1246 4557 1250 4563 ι
1435 4545 1440 4567 l

1167 4672 1187 4692 s
1203 4682 1210 4701 :
1345 4672 1369 4689 J
