3592 4942
440 690 490 758 Ex
514 693 655 779 antiquis
678 693 889 778 scriptoribus
907 693 972 760 duo
998 701 1132 773 tantum,
1152 695 1374 784 Hieronymus
1391 719 1503 785 nempe
1524 721 1563 765 ac

351 804 517 879 Donatus,
533 805 572 868 de
597 805 738 870 Lucretii
763 806 829 870 vita
852 805 1033 870 testimonia
1051 806 1218 890 praebent.
1280 810 1469 894 Hieronymi
1493 831 1562 876 ver·

350 911 390 975 ba
415 910 572 994 (Eusebr'z'
591 911 715 978 Chron.
733 913 774 978 ad
799 932 827 977 a.
846 912 924 978 Abr.
944 914 1041 989 1923,
1059 914 1100 977 ab
1118 935 1147 979 u.
1167 935 1194 979 c.
1215 915 1291 993 660,
1309 935 1338 983 a.
1356 917 1434 982 Chr.
1459 937 1489 981 n.
1505 917 1563 1001 94)

349 1019 429 1110 baec
453 1019 653 1104 potissimum
670 1028 762 1086 sunt:
784 1023 850 1086 «T.
869 1023 1039 1086 Lucretius
1055 1030 1149 1106 poeta
1167 1025 1322 1090 nascitur.
1342 1026 1460 1090 Postea
1478 1046 1562 1092 ama·

265 1165 269 1171 ·
348 1130 430 1194 torio
455 1130 570 1214 poculo
595 1131 625 1194 in
641 1130 785 1196 furorem
810 1150 935 1208 versus
961 1152 1033 1197 cum
1058 1132 1179 1217 aliquot
1195 1133 1295 1199 libros
1312 1155 1371 1219 per
1387 1136 1560 1201 intervalla

347 1240 491 1304 insaniae
515 1241 770 1326 conscripsisset,
795 1261 875 1325 quos
902 1248 1013 1326 postea
1032 1241 1145 1308 Cicero
1164 1230 1359 1320 emendavit,
1378 1247 1508 1330 propria
1525 1268 1559 1311 se

347 1372 445 1416 manu
462 1353 624 1418 interfecit
640 1371 726 1418 anno
744 1353 860 1418 aetatis
879 1353 1037 1418 XLllH.»
1086 1357 1232 1420 Donatus
1249 1362 1356 1421 autem
1374 1357 1404 1420 in
1422 1357 1557 1441 Vergilii
1596 1371 1601 1376 ’

346 1463 415 1525 vita
431 1461 513 1526 haec
529 1461 649 1526 hahet:
670 1459 792 1526 «Initia
810 1462 927 1526 aetatis
944 1461 1126 1527 Cremonae
1151 1463 1342 1549 (Vergilius)
1366 1465 1433 1550 egit
1457 1486 1566 1550 usque-

346 1569 387 1634 ad
411 1570 537 1636 virilem
555 1573 674 1655 togam,
692 1588 788 1653 qnam
813 1569 874 1634 XV
896 1589 982 1634 anno
1007 1570 1105 1636 natali
1130 1593 1189 1637 suo
1214 1573 1340 1658 accepit
1362 1573 1475 1638 iisdem
1498 1575 1560 1640 illis

345 1681 532 1746 consulibus
557 1682 673 1746 iterum
691 1679 817 1744 duohds
834 1680 1038 1764 quibus-erat
1055 1689 1160 1757 natus,
1184 1686 1358 1768 evenitque
1382 1690 1472 1749 uteo
1489 1687 1558 1771 ipso

345 1789 395 1856 die
413 1792 585 1858 Lucretius
602 1797 698 1878 poeta
715 1789 888 1856 decederet
906 1791 993 1878 (1).»
1058 1794 1094 1857 In
1111 1794 1221 1860 codice
1239 1795 1426 1860 Monacensi
1451 1796 1558 1862 14129
1606 1874 1612 1884 g

344 1898 376 1985 (f.
407 1899 451 1986 X)
478 1900 561 1967 haec
585 1920 665 1966 vero
694 1899 863 1985 leguntur:
890 1919 910 1964 n
930 1901 965 1966 T.
991 1901 1162 1968 Lucretius
1186 1910 1281 1988 poeta
1305 1906 1449 1970 nascitur
1472 1924 1557 1972 anno

342 2013 471 2080 XXVII
494 2021 569 2080 ante
595 2003 783 2100 Vergilium.
802 2037 819 2076 »
883 2013 935 2078 Ex
953 2014 1068 2098 quibus
1085 2017 1185 2082 variis
1202 2017 1404 2094 testimoniis,
1422 2023 1457 2082 ut
1481 2038 1558 2103 per-

266 2161 270 2172 .
343 2123 421 2208 spici
445 2131 560 2208 potest,
586 2125 655 2189 eins
680 2111 791 2188 mortis
816 2128 943 2208 tempus
967 2124 1054 2190 baud
1080 2125 1172 2192 facile
1196 2133 1245 2192 est
1269 2128 1476 2193 constituere.

431 2231 512 2297 Mira
531 2253 609 2298 sane
626 2239 701 2297 sunt
718 2232 824 2298 omnia
841 2251 924 2316 quae
949 2234 1165 2319 Hieronymus
1183 2235 1222 2300 de
1240 2237 1389 2300 Lucretio
1407 2235 1555 2316 tradidit3

343 2342 384 2407 ad
408 2362 477 2408 rem
501 2363 580 2409 vero
606 2350 750 2432 nostram
775 2347 947 2430 praecipue
970 2346 1073 2413 rerba
1093 2353 1249 2432 spectant,
1267 2349 1382 2432 quibus
1406 2348 1556 2415 adfirmat

342 2452 530 2518 Ciceronem
548 2454 690 2519 Lucretii
715 2475 846 2520 carmen
872 2455 1106 2521 emendavisse.
1169 2458 1218 2523 Re
1243 2457 1370 2542 quidem
1396 2478 1475 2523 vera
1498 2459 1554 2525 vix

341 2563 492 2628 credibile
517 2572 566 2630 est
590 2564 792 2642 Ciceronem,
817 2569 1010 2632 acerrimum
1034 2569 1202 2652 Epicureis
1223 2567 1379 2632 doctrinis
1396 2554 1554 2633 adversa-

339 2676 432 2752 rium,
459 2696 590 2761 operam
616 2675 740 2742 dedisse
765 2677 967 2742 emendando
992 2679 1127 2743 carmini
1154 2678 1217 2742 illis
1242 2677 1397 2743 doctrinis
1421 2664 1551 2742 referto.

340 2786 543 2869 Quapropter
567 2787 754 2854 Lachmann
779 2785 833 2871 (In
864 2789 900 2852 Τ.
926 2790 1079 2854 Lucretii
1100 2787 1183 2853 Cori
1203 2788 1245 2852 de
1269 2788 1553 2862 Rerunemuturu

339 2893 443 2960 libros
471 2895 753 2973 Commentarius
779 2897 921 2962 Berolinl
946 2898 1042 2973 1866,
1067 2898 1087 2961 l.
1109 2898 1134 2974 I,
1158 2897 1233 2969 922.
1258 2918 1288 2982 p.
1313 2897 1353 2961 61
1381 2896 1465 2982 sqq.)
1490 2919 1551 2961 re-

338 3003 418 3087 ritns
442 3024 506 3068 non
530 3011 579 3069 est
603 3005 776 3070 adfirmare
801 3007 1035 3090 Hieronymum
1066 3006 1175 3072 verbis
1207 3007 1268 3069 illis
1292 3005 1464 3090 designare
1488 3026 1551 3070 non

336 3111 474 3177 Tullium
492 3116 667 3178 maximum
685 3123 858 3190 oratorem,
876 3115 933 3179 sed
957 3117 1025 3179 eius
1047 3115 1181 3180 fratrem
1206 3117 1371 3206 Quintum,
1389 3114 1551 3179 hominem

335 3223 365 3284 in
399 3220 511 3288 studiis
543 3226 675 3308 poeticis
700 3207 882 3298 versatum,
902 3245 1006 3310 neque
1037 3247 1056 3290 a
1087 3225 1290 3310 philosophia
1315 3224 1465 3299 alienum,
1491 3227 1550 3289 etsi

335 3329 414 3394 nulli
431 3339 540 3398 certae
559 3328 745 3418 disciplinae
762 3334 934 3401 addictum.
986 3358 1004 3398 «
1017 3336 1051 3400 ln
1069 3355 1105 3400 re
1121 3340 1225 3400 nota»
1245 3337 1346 3418 inquit
1364 3336 1549 3400 Lachmann

337 3461 355 3502 ‹<
369 3441 446 3504 nihil
471 3461 551 3526 opus
575 3441 634 3506 fuit
651 3452 685 3507 ut
703 3444 868 3508 Ciceronis
885 3465 1080 3528 praenomen
1098 3453 1242 3531 poneret,
1261 3466 1333 3510 cum
1351 3466 1444 3508 nemo
1462 3446 1552 3529 igno·

334 3556 422 3614 raret
438 3551 591 3625 Quintum
616 3551 857 3638 intelligendum
876 3574 957 3618 esse.
975 3575 993 3616 »
1065 3554 1128 3620 Sed
1152 3555 1235 3619 haec
1260 3556 1447 3619 conlectura
1471 3553 1549 3618 nulli

332 3656 540 3725 solidamento
566 3661 721 3740 innititur,
740 3667 773 3734 et
795 3681 867 3725 oum
885 3682 1063 3746 cognomen
1087 3669 1213 3727 tantum
1238 3683 1256 3728 a
1284 3664 1484 3746 Hieronymo
1509 3664 1549 3725 sit

333 3766 503 3848 prolatum,
529 3769 598 3834 eius
622 3769 723 3834 rerba
748 3767 788 3834 ad
814 3775 986 3847 oratorem,
1011 3791 1077 3835 non
1101 3771 1142 3836 ad
1166 3772 1203 3844 Q.
1221 3771 1370 3847 Tullium,
1391 3778 1467 3836 sunt
1492 3791 1547 3834 re-

332 3873 475 3943 serenda,
544 3878 759 3946 Nihilominus
776 3878 964 3943 Lachmann
982 3882 1175 3945 sententiam
1200 3881 1369 3966 amplexus
1386 3891 1434 3946 est
1451 3884 1549 3946 Bern-

333 3981 437 4069 hardy
458 3984 630 4072 (Grundr.
653 3989 685 4054 d.
703 3991 790 4053 adm.
817 3989 937 4064 Lz'lcr,
963 3986 1074 4064 18654,
1100 3991 1193 4055 Anm.
1219 3991 1307 4075 398),
1332 3993 1386 4076 qui
1410 3991 1450 4056 ad
1476 4011 1547 4056 eam

267 4312 269 4320 Α
398 4249 436 4318 (l)
455 4252 501 4306 Sic
520 4253 589 4322 legit
608 4212 812 4320 Reifferscheid,
827 4237 875 4325 nui
895 4255 979 4308 vitam
999 4255 1114 4326 Vergilii
1134 4275 1199 4312 suae
1218 4259 1330 4313 editioni
1351 4259 1476 4314 Suetonii
1495 4259 1551 4313 Re-

251 4349 252 4354 ’
325 4337 476 4411 liquiarum
497 4346 615 4398 inseruit
633 4344 753 4414 (Lipsiae
774 4344 850 4409 1870,
869 4362 894 4415 p.
914 4344 948 4400 54
968 4350 1046 4418 sqq).
1074 4349 1183 4405 «Anno
1208 4349 1315 4405 xvh»
1335 4350 1439 4406 habent
1458 4366 1551 4406 omnes

325 4435 515 4510 manuscripti,
535 4437 581 4492 ned
601 4438 660 4492 siue
679 4437 764 4493 dubio
782 4439 960 4495 librariorum
979 4457 1058 4496 error
1077 4447 1126 4498 est.
