3592 4942
1682 227 2045 298 —10—

813 386 989 454 Haec
1023 391 1216 473 atque
1250 386 1605 473 compluria
1639 387 1765 454 alia
1800 408 1966 474 quae
2011 388 2091 456 de
2136 387 2601 474 Epicureorum
2644 386 2953 456 doctrinis
3002 395 3067 456 et

637 498 713 562 de
765 499 1092 582 Epicureis
1140 499 1567 585 scriptoribus
1614 500 1678 564 in
1726 499 2061 565 Ciceronis
2111 501 2410 584 operibus
2460 500 2907 577 inveniuntur,
2958 502 3071 566 im-

633 610 998 690 pedimenta
1031 609 1218 674 nobis
1251 629 1392 674 esse
1436 608 1754 686 videntur,
1789 611 2131 694 quominus
2178 615 2477 696 putemus
2528 609 2911 677 Ciceronem
2948 613 3069 679 Lu·

637 718 821 782 cretii
857 737 1115 782 carmen
1149 717 1620 785 emendavisse.

813 830 1044 894 Restat
1089 833 1162 892 ut
1209 827 1651 911 exquiramuS‚
1701 847 1853 892 num
1902 848 1987 892 ex
2035 828 2367 894 Ciceronis
2416 828 2689 914 epistula
2725 829 2807 894 ad
2857 831 3066 907 Quin-

637 942 769 1002 tum
805 934 1074 1002 fratrem
1107 935 1292 1000 nobis
1321 935 1512 1000 liceat
1544 933 1736 999 fidem
1769 935 2009 1001 addere
2038 936 2235 1002 rebus
2264 957 2427 1021 quae
2464 957 2660 1022 supra
2694 937 3063 1005 adtulimus,

637 1046 701 1106 Ie
741 1046 957 1130 priscis
993 1051 1090 1109 est
1116 1042 1760 1108 animadvertendum
1795 1044 2131 1127 epistulam
2168 1046 2354 1130 parvi
2386 1045 2686 1131 ponderis
2720 1067 2884 1112 esse.
2979 1049 3063 1114 M.

637 1158 881 1222 ‘'t''ullina
933 1158 1181 1222 litteras
1217 1154 1299 1220 ad
1334 1155 1640 1229 Quintum
1675 1154 1943 1221 fratrem
1980 1156 2231 1221 mittere
2280 1157 2486 1240 cupit;
2534 1157 2669 1234 sed,
2717 1178 2863 1223 cum
2910 1160 3069 1224 nihil

641 1270 773 1330 fere
821 1266 1060 1330 habeat
1093 1264 1266 1349 quod
1307 1265 1567 1357 scribat,
1602 1264 1680 1329 de
1714 1265 2014 1330 libertate
2063 1265 2360 1331 Tenediis
2383 1273 2633 1352 ‚negata
2668 1274 2730 1332 et
2764 1268 2841 1333 de
2875 1269 3072 1334 laudi-

637 1378 757 1442 bua
793 1374 1012 1442 fratris
1043 1375 1333 1440 breviter
1364 1373 1684 1458 loquitur;
1720 1373 1799 1439 ad
1834 1379 2196 1440 extremum
2230 1393 2435 1459 pauca
2472 1375 2649 1440 addit
2674 1376 2753 1441 de
2789 1378 3094 1454 Lucretii,

633 1506 709 1550 ac
761 1484 1045 1550 Sallustii
1096 1483 1535 1549 carminibus:
1584 1483 1746 1548 haec
1796 1503 1879 1547 ne
1928 1504 2070 1549 esse
2119 1484 2375 1567 quidem
2424 1483 2699 1570 legenda
2748 1485 3067 1564 adfirmat,

633 1594 697 1658 in
749 1594 869 1658 illia
917 1592 1119 1658 multa
1166 1591 1407 1657 lumina
1448 1592 1709 1677 ingenii,
1758 1592 2028 1657 multam
2062 1598 2280 1658 tamen
2329 1599 2536 1660 artem
2584 1596 2818 1661 inesse.
2943 1597 3069 1662 Sed

633 1702 757 1766 hcc
793 1702 1096 1767 iudicium
1139 1720 1285 1778 eum
1318 1697 1614 1785 proferre
1655 1698 1878 1764 fratris
1912 1700 2213 1766 iudicium
2259 1701 2747 1768 confirmantem
2795 1724 2879 1779 ex
2925 1724 3070 1770 ver-

633 1814 729 1874 bic
773 1834 805 1874 c
829 1818 897 1878 ut
933 1811 1213 1878 acribis»
1250 1807 1438 1875 facile
1471 1808 1873 1894 intelligitur.
1997 1810 2243 1885 Quibus
2277 1817 2489 1876 tamen
2527 1811 2744 1876 verbis
2778 1812 3068 1876 nonnulli

633 1926 837 1990 critici
889 1923 1094 2007 magis
1151 1940 1538 2007 persuasum
1569 1918 1859 1985 habuere
1894 1922 1968 1996 Q.
2006 1919 2387 1987 Ciceronem
2432 1923 2719 1987 Lucretii
2765 1923 3067 1988 carminis

633 2030 1121 2094 emendaterem
1155 2028 1453 2092 extitisse
1500 2025 1624 2109 (Cf.
1677 2027 2085 2112 Bernhardy,
2136 2026 2176 2092 l.
2220 2027 2310 2114 l.).
2451 2028 2579 2095 Sed
2627 2027 2794 2093 hanc
2842 2030 3068 2096 conie-

637 2150 885 2206 cturam
953 2138 1203 2225 cptimis
1269 2137 1706 2222 argumentiS,
1770 2143 1845 2202 ut
1906 2138 2092 2202 nobis
2140 2137 2438 2216 videtur,
2500 2139 2628 2204 iam
2698 2138 3066 2205 refellimus,

637 2250 821 2318 Haud
873 2254 1073 2334 igitur
1105 2248 1366 2314 dubium
1402 2247 1736 2314 Ciceronis
1768 2247 2071 2313 iudicium
2107 2251 2294 2335 parvi
2340 2250 2645 2316 momenti
2692 2270 2871 2315 esse:
2924 2271 3067 2316 cum

637 2362 761 2426 [luc
793 2358 1032 2423 fratres
1065 2356 1152 2422 nil
1202 2357 1472 2442 gravius
1518 2355 1839 2421 haberent
1872 2349 2046 2438 quod
2087 2357 2467 2433 scriberent,
2518 2358 2596 2423 de
2644 2359 2840 2423 rebus
2876 2361 3069 2424 mini-

637 2470 753 2530 mia
805 2466 999 2530 lecuti
1031 2469 1182 2530 sunt
1217 2469 1281 2528 et
1315 2463 1394 2528 de
1429 2465 1714 2529 Lucretii
1747 2483 1944 2550 opere
1978 2465 2217 2550 aliquid
2258 2466 2666 2532 addiderunt.
2804 2467 3069 2534 Solebat

637 2578 801 2642 enim
869 2578 989 2642 illia
1050 2573 1448 2660 temporibus
1515 2572 1765 2650 Cicer0,
1835 2594 1983 2639 cum
2044 2575 2301 2661 publica
2365 2577 2626 2661 negotia
2684 2583 3070 2663 argumenta

637 2686 925 2774 epistulis
989 2705 1114 2751 non
1177 2683 1584 2771 praeberent,
1652 2683 1730 2748 de
1795 2685 1991 2751 rebus
2054 2705 2223 2771 quae
2286 2685 2367 2751 ad
2429 2686 2793 2752 litterarum
2858 2688 3072 2753 studia

637 2803 1024 2882 spectarent,
1060 2815 1428 2863 sermonem
1475 2815 1619 2861 cum
1668 2793 1871 2861 fratre
1914 2797 2175 2862 habere.
2298 2798 2413 2874 Ita,
2450 2798 2635 2863 verbi
2666 2799 2898 2884 gratia,
2949 2800 3073 2884 epi-

641 2910 809 2974 stula
861 2910 981 2974 1:11
1028 2904 1174 2992 (IX)
1206 2905 1493 2970 eiusdem
1526 2904 1674 2970 libri
1706 2906 1972 2972 secundi
2009 2906 2198 2974 valde
2246 2907 2486 2993 gaudet
2518 2907 2705 2973 fratri
2751 2909 3097 2994 placuisse,

645 3038 829 3082 cutim
881 3014 1201 3102 quendam
1247 3013 1505 3091 librum,
1553 3012 1742 3079 modo
1808 3014 2067 3092 editum,
2133 3016 2317 3081 cuius
2366 3015 2731 3103 exemplum
2794 3016 2874 3082 ad
2923 3037 3071 3082 eum
3138 3046 3143 3052 ·

641 3130 925 3194 miserat.

817 3237 1151 3330 Ciceronis
1183 3235 1460 3322 epistula
1493 3237 1733 3322 scripta
1767 3240 1867 3301 est
1900 3256 1938 3302 a
1979 3235 2227 3321 700s54
2262 3238 2544 3316 ineunte,
2578 3239 2853 3304 Domitio
2890 3239 3076 3336 Ahe-

641 3350 929 3414 nebarbe
989 3348 1194 3434 Appio
1255 3346 1528 3414 Claudio
1565 3346 1726 3422 Css„
1765 3367 1908 3413 cum
1945 3349 2019 3425 Q.
2070 3349 2315 3414 Tullius
2351 3337 2537 3434 apnd'
2570 3350 2922 3433 Caesarem
2969 3348 3070 3416 le-

641 3466 833 3546 gatae
861 3462 921 3522 in
941 3459 1149 3526 Gallia
1169 3464 1232 3524 et
1251 3458 1315 3522 in
1344 3458 1676 3524 Britannia
1705 3464 2220 3525 commoraretur
2243 3459 2346 3544 (cf.
2369 3461 2625 3537 Munr0,
2651 3460 2783 3526 vol.
2803 3462 2881 3536 II,
2903 3483 2960 3546 p.
2984 3461 3070 3546 3).

641 3570 729 3634 Ile
765 3586 889 3654 qua
929 3590 995 3634 re
1030 3587 1254 3632 omnes
1290 3565 1422 3632 fere
1456 3566 1790 3632 Ciceronis
1834 3567 2257 3652 epistularum
2307 3567 2589 3633 editores
2638 3571 3068 3634 consentiunt.

641 3682 773 3742 Iam
809 3698 893 3742 ex
941 3697 1016 3743 eo
1065 3678 1202 3762 ipso
1253 3675 1425 3759 quod
1473 3675 1747 3752 Quintus
1780 3675 1864 3740 ad
1898 3675 2194 3768 Marcum
2235 3679 2588 3763 scripserat
2622 3678 2774 3762 quid
2823 3677 2901 3743 de
2936 3680 3072 3745 Lu-

641 3790 821 3854 cretii
857 3788 1247 3854 carminibus
1279 3787 1416 3872 ipse
1450 3787 1739 3863 sentiret,
1775 3794 2282 3854 consentaneum
2319 3794 2419 3853 est
2449 3808 2679 3874 poema
2720 3789 2912 3854 modo
2946 3790 3074 3855 edi-

641 3906 773 3962 tum
825 3898 1042 3962 fuisse.
1175 3895 1412 3960 Censet
1473 3895 1693 3981 Bergk
1744 3896 1811 3981 (l.
1861 3897 1925 3974 1.,
1974 3916 2033 3982 p.
2083 3896 2153 3981 6)
2202 3898 2286 3963 M.
2338 3895 2615 3962 Tullium
2669 3895 3071 3971 Ciceronem,

641 4006 829 4070 cimel
873 4014 1062 4090 atque
1111 4004 1496 4071 emendandi
1543 4003 1831 4070 laborem
1879 4005 2162 4090 perfecit,
2211 4007 2529 4092 poematis
2577 4005 2941 4091 exemplum
2991 4006 3074 4071 ad

641 4118 929 4190 fratrem,
965 4114 1237 4198 quitum
1271 4115 1409 4179 ruri
1457 4113 1744 4199 degeret,
1794 4114 2065 4189 misisse,
2111 4135 2384 4199 eumque
2430 4114 2845 4199 rescripsisse
2900 4120 2964 4180 et
2997 4113 3075 4179 de

641 4230 933 4310 poemate
985 4222 1286 4288 iudicium
1342 4221 1496 4288 illud
1546 4222 1913 4306 protulisse.
2053 4225 2371 4310 Optimum
2431 4225 2723 4289 criticum
2785 4223 2950 4309 fugit
2996 4224 3070 4299 Q.

641 4334 913 4398 Tullium
961 4351 1038 4398 eo
1088 4324 1404 4416 tempore·
1436 4330 1500 4395 in
1549 4331 1757 4398 Gallia
1814 4338 1879 4397 et
1929 4331 2263 4398 Britannia
2309 4333 2612 4400 Caesaris
2674 4333 2871 4420 legati
2920 4353 3071 4399 mu-

645 4462 793 4510 nere
845 4442 1130 4507 sunctum
1180 4459 1341 4518 esse,
1375 4458 1503 4506 non
1540 4440 1676 4506 ruri
1709 4440 1988 4528 degisse.
2126 4441 2429 4509 Ceterum
2464 4462 2581 4509 nos
2616 4463 2871 4531 quoque
2908 4463 3066 4510 cen-
