<?xml version="1.0" encoding="UTF-8"?>
<!DOCTYPE html PUBLIC "-//W3C//DTD XHTML 1.0 Transitional//EN"
    "http://www.w3.org/TR/xhtml1/DTD/xhtml1-transitional.dtd">
<html xmlns="http://www.w3.org/1999/xhtml" xml:lang="en" lang="en">
 <head>
  <title>
</title>
<meta http-equiv="Content-Type" content="text/html;charset=utf-8" />
  <meta name='ocr-system' content='tesseract 3.04.00' />
  <meta name='ocr-capabilities' content='ocr_page ocr_carea ocr_par ocr_line ocrx_word'/>
</head>
<body>
  <div class='ocr_page' id='page_1' title='image "./qvarationetradi00castgoog_0019.png"; bbox 0 0 3592 4942; ppageno 0'>
   <div class='ocr_carea' id='block_1_1' title="bbox 1567 273 1924 357">
    <p class='ocr_par' dir='ltr' id='par_1_1' title="bbox 1567 273 1924 357">
     <span class='ocr_line' id='line_1_1' title="bbox 1567 273 1924 357; baseline -0.003 -15"><span class='ocrx_word' id='word_1_1' title='bbox 1567 273 1924 357; x_wconf 74' lang='lat'>..15-</span> 
     </span>
    </p>
   </div>
   <div class='ocr_carea' id='block_1_2' title="bbox 473 425 2956 3281">
    <p class='ocr_par' dir='ltr' id='par_1_2' title="bbox 514 425 2952 1602">
     <span class='ocr_line' id='line_1_2' title="bbox 517 425 2944 526; baseline -0.001 -22"><span class='ocrx_word' id='word_1_2' title='bbox 517 447 718 505; x_wconf 81' lang='lat' dir='ltr'>rasse.</span> <span class='ocrx_word' id='word_1_3' title='bbox 858 435 1066 516; x_wconf 87' lang='lat' dir='ltr'>Quam</span> <span class='ocrx_word' id='word_1_4' title='bbox 1105 437 1486 506; x_wconf 89' lang='lat' dir='ltr'>sententiam</span> <span class='ocrx_word' id='word_1_5' title='bbox 1520 439 1752 518; x_wconf 77' lang='lat' dir='ltr'>refellit</span> <span class='ocrx_word' id='word_1_6' title='bbox 1785 425 2008 526; x_wconf 82' lang='lat' dir='ltr'>Bergk</span> <span class='ocrx_word' id='word_1_7' title='bbox 2041 437 2105 526; x_wconf 90' lang='lat' dir='ltr'>(l.</span> <span class='ocrx_word' id='word_1_8' title='bbox 2153 437 2195 503; x_wconf 94' lang='lat' dir='ltr'>l.</span> <span class='ocrx_word' id='word_1_9' title='bbox 2244 458 2305 524; x_wconf 91' lang='lat' dir='ltr'>p.</span> <span class='ocrx_word' id='word_1_10' title='bbox 2337 433 2429 523; x_wconf 86' lang='lat'>5),</span> <span class='ocrx_word' id='word_1_11' title='bbox 2480 434 2589 522; x_wconf 89' lang='lat' dir='ltr'>qui</span> <span class='ocrx_word' id='word_1_12' title='bbox 2621 434 2944 502; x_wconf 69' lang='lat' dir='ltr'>existimat</span> 
     </span>
     <span class='ocr_line' id='line_1_3' title="bbox 514 549 2948 636; baseline 0 -23"><span class='ocrx_word' id='word_1_13' title='bbox 514 550 580 614; x_wconf 90' lang='lat' dir='ltr'>in</span> <span class='ocrx_word' id='word_1_14' title='bbox 631 556 813 615; x_wconf 89' lang='lat' dir='ltr'>tanta</span> <span class='ocrx_word' id='word_1_15' title='bbox 863 549 1198 617; x_wconf 85' lang='lat' dir='ltr'>Ciceronis</span> <span class='ocrx_word' id='word_1_16' title='bbox 1248 550 1668 636; x_wconf 74' lang='lat' dir='ltr'>epistularum</span> <span class='ocrx_word' id='word_1_17' title='bbox 1703 551 1955 616; x_wconf 89' lang='lat' dir='ltr'>iactura</span> <span class='ocrx_word' id='word_1_18' title='bbox 2003 549 2368 614; x_wconf 88' lang='lat' dir='ltr'>mirandum</span> <span class='ocrx_word' id='word_1_19' title='bbox 2417 567 2549 612; x_wconf 89' lang='lat' dir='ltr'>non</span> <span class='ocrx_word' id='word_1_20' title='bbox 2596 567 2740 614; x_wconf 78' lang='lat' dir='ltr'>esse</span> <span class='ocrx_word' id='word_1_21' title='bbox 2776 550 2948 634; x_wconf 73' lang='lat' dir='ltr'>quud</span> 
     </span>
     <span class='ocr_line' id='line_1_4' title="bbox 514 658 2948 744; baseline -0.001 -23"><span class='ocrx_word' id='word_1_22' title='bbox 514 659 648 742; x_wconf 91' lang='lat' dir='ltr'>ipse</span> <span class='ocrx_word' id='word_1_23' title='bbox 697 659 925 724; x_wconf 90' lang='lat' dir='ltr'>Cicero</span> <span class='ocrx_word' id='word_1_24' title='bbox 973 679 1303 744; x_wconf 90' lang='lat' dir='ltr'>nunquam</span> <span class='ocrx_word' id='word_1_25' title='bbox 1368 659 1542 724; x_wconf 89' lang='lat' dir='ltr'>hunc</span> <span class='ocrx_word' id='word_1_26' title='bbox 1590 659 1879 724; x_wconf 89' lang='lat' dir='ltr'>laborem</span> <span class='ocrx_word' id='word_1_27' title='bbox 1938 661 2423 733; x_wconf 89' lang='lat' dir='ltr'>commemoret,</span> <span class='ocrx_word' id='word_1_28' title='bbox 2474 675 2552 721; x_wconf 87' lang='lat' dir='ltr'>ac</span> <span class='ocrx_word' id='word_1_29' title='bbox 2615 662 2836 721; x_wconf 71' lang='lat' dir='ltr'>censet</span> <span class='ocrx_word' id='word_1_30' title='bbox 2884 658 2948 722; x_wconf 80' lang='lat' dir='ltr'>in</span> 
     </span>
     <span class='ocr_line' id='line_1_5' title="bbox 516 757 2948 855; baseline -0.001 -23"><span class='ocrx_word' id='word_1_31' title='bbox 516 768 789 853; x_wconf 78' lang='lat' dir='ltr'>epistula</span> <span class='ocrx_word' id='word_1_32' title='bbox 837 768 918 834; x_wconf 92' lang='lat' dir='ltr'>ad</span> <span class='ocrx_word' id='word_1_33' title='bbox 968 769 1275 843; x_wconf 86' lang='lat' dir='ltr'>Quintum</span> <span class='ocrx_word' id='word_1_34' title='bbox 1329 770 1585 833; x_wconf 88' lang='lat' dir='ltr'>minime</span> <span class='ocrx_word' id='word_1_35' title='bbox 1619 789 1782 855; x_wconf 90' lang='lat' dir='ltr'>opus</span> <span class='ocrx_word' id='word_1_36' title='bbox 1840 788 1985 832; x_wconf 90' lang='lat' dir='ltr'>eum</span> <span class='ocrx_word' id='word_1_37' title='bbox 2033 768 2418 833; x_wconf 79' lang='lat' dir='ltr'>mentionem</span> <span class='ocrx_word' id='word_1_38' title='bbox 2468 757 2659 830; x_wconf 86' lang='lat' dir='ltr'>huius</span> <span class='ocrx_word' id='word_1_39' title='bbox 2708 766 2800 830; x_wconf 77' lang='lat' dir='ltr'>rei</span> <span class='ocrx_word' id='word_1_40' title='bbox 2848 766 2948 830; x_wconf 81' lang='lat' dir='ltr'>fe-</span> 
     </span>
     <span class='ocr_line' id='line_1_6' title="bbox 517 873 2952 967; baseline 0.001 -27"><span class='ocrx_word' id='word_1_41' title='bbox 517 877 700 953; x_wconf 80' lang='lat' dir='ltr'>cisse,</span> <span class='ocrx_word' id='word_1_42' title='bbox 751 896 896 942; x_wconf 91' lang='lat' dir='ltr'>cum</span> <span class='ocrx_word' id='word_1_43' title='bbox 943 876 1131 945; x_wconf 88' lang='lat' dir='ltr'>fratri</span> <span class='ocrx_word' id='word_1_44' title='bbox 1181 877 1259 942; x_wconf 91' lang='lat' dir='ltr'>de</span> <span class='ocrx_word' id='word_1_45' title='bbox 1309 896 1506 962; x_wconf 89' lang='lat' dir='ltr'>opera</span> <span class='ocrx_word' id='word_1_46' title='bbox 1538 878 1602 941; x_wconf 89' lang='lat' dir='ltr'>in</span> <span class='ocrx_word' id='word_1_47' title='bbox 1639 877 1922 941; x_wconf 90' lang='lat' dir='ltr'>Lucretii</span> <span class='ocrx_word' id='word_1_48' title='bbox 1955 875 2349 967; x_wconf 72' lang='lat' dir='ltr'>carminibus</span> <span class='ocrx_word' id='word_1_49' title='bbox 2398 873 2812 939; x_wconf 70' lang='lat' dir='ltr'>emendandis</span> <span class='ocrx_word' id='word_1_50' title='bbox 2848 894 2952 958; x_wconf 65' lang='lat' dir='ltr'>pr-</span> 
     </span>
     <span class='ocr_line' id='line_1_7' title="bbox 518 983 2952 1072; baseline -0.001 -23"><span class='ocrx_word' id='word_1_51' title='bbox 518 986 640 1050; x_wconf 92' lang='lat' dir='ltr'>sita</span> <span class='ocrx_word' id='word_1_52' title='bbox 674 985 868 1072; x_wconf 90' lang='lat' dir='ltr'>plane</span> <span class='ocrx_word' id='word_1_53' title='bbox 906 991 1305 1071; x_wconf 90' lang='lat' dir='ltr'>compertum</span> <span class='ocrx_word' id='word_1_54' title='bbox 1351 1005 1494 1050; x_wconf 91' lang='lat' dir='ltr'>esse</span> <span class='ocrx_word' id='word_1_55' title='bbox 1544 985 1829 1051; x_wconf 87' lang='lat' dir='ltr'>deberet.</span> <span class='ocrx_word' id='word_1_56' title='bbox 1968 984 2208 1050; x_wconf 86' lang='lat' dir='ltr'>Omnes</span> <span class='ocrx_word' id='word_1_57' title='bbox 2256 1003 2411 1049; x_wconf 91' lang='lat' dir='ltr'>sane</span> <span class='ocrx_word' id='word_1_58' title='bbox 2446 983 2776 1048; x_wconf 80' lang='lat' dir='ltr'>Ciceronis</span> <span class='ocrx_word' id='word_1_59' title='bbox 2828 986 2952 1066; x_wconf 82' lang='lat' dir='ltr'>epi-</span> 
     </span>
     <span class='ocr_line' id='line_1_8' title="bbox 517 1075 2952 1180; baseline -0.002 -21"><span class='ocrx_word' id='word_1_60' title='bbox 517 1094 724 1180; x_wconf 82' lang='lat' dir='ltr'>stulae</span> <span class='ocrx_word' id='word_1_61' title='bbox 774 1094 856 1160; x_wconf 90' lang='lat' dir='ltr'>ad</span> <span class='ocrx_word' id='word_1_62' title='bbox 915 1115 1033 1161; x_wconf 92' lang='lat' dir='ltr'>nos</span> <span class='ocrx_word' id='word_1_63' title='bbox 1096 1114 1225 1160; x_wconf 89' lang='lat' dir='ltr'>non</span> <span class='ocrx_word' id='word_1_64' title='bbox 1271 1101 1756 1179; x_wconf 81' lang='lat' dir='ltr'>pervenerunt3</span> <span class='ocrx_word' id='word_1_65' title='bbox 1812 1093 1947 1170; x_wconf 92' lang='lat' dir='ltr'>sed,</span> <span class='ocrx_word' id='word_1_66' title='bbox 1998 1075 2143 1159; x_wconf 91' lang='lat' dir='ltr'>cum</span> <span class='ocrx_word' id='word_1_67' title='bbox 2191 1090 2553 1178; x_wconf 83' lang='lat' dir='ltr'>permultae</span> <span class='ocrx_word' id='word_1_68' title='bbox 2609 1091 2736 1158; x_wconf 82' lang='lat' dir='ltr'>sint</span> <span class='ocrx_word' id='word_1_69' title='bbox 2784 1110 2952 1174; x_wconf 77' lang='lat' dir='ltr'>quae</span> 
     </span>
     <span class='ocr_line' id='line_1_9' title="bbox 520 1201 2952 1292; baseline -0.002 -23"><span class='ocrx_word' id='word_1_70' title='bbox 520 1205 704 1270; x_wconf 87' lang='lat' dir='ltr'>nobis</span> <span class='ocrx_word' id='word_1_71' title='bbox 737 1204 954 1292; x_wconf 86' lang='lat' dir='ltr'>legere</span> <span class='ocrx_word' id='word_1_72' title='bbox 989 1206 1182 1271; x_wconf 90' lang='lat' dir='ltr'>liceat</span> <span class='ocrx_word' id='word_1_73' title='bbox 1214 1211 1281 1270; x_wconf 87' lang='lat' dir='ltr'>et</span> <span class='ocrx_word' id='word_1_74' title='bbox 1313 1225 1458 1270; x_wconf 91' lang='lat' dir='ltr'>cum</span> <span class='ocrx_word' id='word_1_75' title='bbox 1507 1212 1602 1270; x_wconf 87' lang='lat' dir='ltr'>tot</span> <span class='ocrx_word' id='word_1_76' title='bbox 1647 1204 1809 1269; x_wconf 90' lang='lat' dir='ltr'>locis</span> <span class='ocrx_word' id='word_1_77' title='bbox 1842 1224 2107 1269; x_wconf 90' lang='lat' dir='ltr'>suorum</span> <span class='ocrx_word' id='word_1_78' title='bbox 2143 1223 2413 1289; x_wconf 89' lang='lat' dir='ltr'>operum</span> <span class='ocrx_word' id='word_1_79' title='bbox 2446 1201 2526 1267; x_wconf 89' lang='lat' dir='ltr'>de</span> <span class='ocrx_word' id='word_1_80' title='bbox 2558 1202 2840 1287; x_wconf 71' lang='lat' dir='ltr'>Epicuro</span> <span class='ocrx_word' id='word_1_81' title='bbox 2888 1210 2952 1266; x_wconf 76' lang='lat' dir='ltr'>et</span> 
     </span>
     <span class='ocr_line' id='line_1_10' title="bbox 521 1311 2952 1399; baseline -0.002 -21"><span class='ocrx_word' id='word_1_82' title='bbox 521 1313 600 1378; x_wconf 87' lang='lat' dir='ltr'>de</span> <span class='ocrx_word' id='word_1_83' title='bbox 645 1315 956 1380; x_wconf 89' lang='lat' dir='ltr'>Romanis</span> <span class='ocrx_word' id='word_1_84' title='bbox 1007 1313 1267 1399; x_wconf 88' lang='lat' dir='ltr'>Epicuri</span> <span class='ocrx_word' id='word_1_85' title='bbox 1313 1313 1741 1379; x_wconf 82' lang='lat' dir='ltr'>sectatoribus</span> <span class='ocrx_word' id='word_1_86' title='bbox 1782 1332 2145 1378; x_wconf 87' lang='lat' dir='ltr'>sermonem</span> <span class='ocrx_word' id='word_1_87' title='bbox 2202 1312 2460 1388; x_wconf 90' lang='lat' dir='ltr'>habeat,</span> <span class='ocrx_word' id='word_1_88' title='bbox 2510 1311 2740 1374; x_wconf 81' lang='lat' dir='ltr'>mirum</span> <span class='ocrx_word' id='word_1_89' title='bbox 2792 1330 2952 1394; x_wconf 76' lang='lat' dir='ltr'>prn-</span> 
     </span>
     <span class='ocr_line' id='line_1_11' title="bbox 516 1421 2952 1510; baseline -0.002 -20"><span class='ocrx_word' id='word_1_90' title='bbox 516 1424 686 1491; x_wconf 90' lang='lat' dir='ltr'>fecto</span> <span class='ocrx_word' id='word_1_91' title='bbox 738 1432 836 1491; x_wconf 89' lang='lat' dir='ltr'>est</span> <span class='ocrx_word' id='word_1_92' title='bbox 868 1425 1042 1510; x_wconf 93' lang='lat' dir='ltr'>quod</span> <span class='ocrx_word' id='word_1_93' title='bbox 1073 1425 1273 1491; x_wconf 89' lang='lat' dir='ltr'>semel</span> <span class='ocrx_word' id='word_1_94' title='bbox 1306 1431 1554 1490; x_wconf 87' lang='lat' dir='ltr'>tantum</span> <span class='ocrx_word' id='word_1_95' title='bbox 1589 1424 1667 1490; x_wconf 90' lang='lat' dir='ltr'>de</span> <span class='ocrx_word' id='word_1_96' title='bbox 1703 1425 2010 1490; x_wconf 88' lang='lat' dir='ltr'>Lucretio</span> <span class='ocrx_word' id='word_1_97' title='bbox 2059 1421 2386 1508; x_wconf 89' lang='lat' dir='ltr'>loquatur,</span> <span class='ocrx_word' id='word_1_98' title='bbox 2430 1441 2744 1508; x_wconf 79' lang='lat' dir='ltr'>nusquam</span> <span class='ocrx_word' id='word_1_99' title='bbox 2796 1442 2952 1486; x_wconf 63' lang='lat' dir='ltr'>reru</span> 
     </span>
     <span class='ocr_line' id='line_1_12' title="bbox 522 1532 2252 1602; baseline -0.001 -2"><span class='ocrx_word' id='word_1_100' title='bbox 522 1536 691 1601; x_wconf 90' lang='lat' dir='ltr'>illius</span> <span class='ocrx_word' id='word_1_101' title='bbox 739 1537 1045 1602; x_wconf 85' lang='lat' dir='ltr'>carminis</span> <span class='ocrx_word' id='word_1_102' title='bbox 1079 1535 1548 1600; x_wconf 84' lang='lat' dir='ltr'>emendationis</span> <span class='ocrx_word' id='word_1_103' title='bbox 1595 1535 1986 1600; x_wconf 86' lang='lat' dir='ltr'>mentionem</span> <span class='ocrx_word' id='word_1_104' title='bbox 2036 1532 2252 1599; x_wconf 88' lang='lat' dir='ltr'>faciat.</span> 
     </span>
    </p>

    <p class='ocr_par' dir='ltr' id='par_1_3' title="bbox 519 1639 2956 3062">
     <span class='ocr_line' id='line_1_13' title="bbox 696 1639 2956 1728; baseline -0.002 -17"><span class='ocrx_word' id='word_1_105' title='bbox 696 1639 931 1711; x_wconf 79' lang='lat' dir='ltr'>Cetera</span> <span class='ocrx_word' id='word_1_106' title='bbox 966 1647 1181 1722; x_wconf 90' lang='lat' dir='ltr'>etiam,</span> <span class='ocrx_word' id='word_1_107' title='bbox 1217 1664 1382 1728; x_wconf 91' lang='lat' dir='ltr'>quae</span> <span class='ocrx_word' id='word_1_108' title='bbox 1417 1644 1494 1709; x_wconf 92' lang='lat' dir='ltr'>de</span> <span class='ocrx_word' id='word_1_109' title='bbox 1529 1644 1835 1708; x_wconf 89' lang='lat' dir='ltr'>Lucretio</span> <span class='ocrx_word' id='word_1_110' title='bbox 1870 1644 2307 1728; x_wconf 80' lang='lat' dir='ltr'>Hieronymus</span> <span class='ocrx_word' id='word_1_111' title='bbox 2342 1641 2624 1718; x_wconf 86' lang='lat' dir='ltr'>tradidit,</span> <span class='ocrx_word' id='word_1_112' title='bbox 2659 1642 2772 1706; x_wconf 67' lang='lat' dir='ltr'>rix</span> <span class='ocrx_word' id='word_1_113' title='bbox 2824 1662 2956 1706; x_wconf 69' lang='lat' dir='ltr'>cre-</span> 
     </span>
     <span class='ocr_line' id='line_1_14' title="bbox 521 1750 2952 1839; baseline -0.001 -23"><span class='ocrx_word' id='word_1_114' title='bbox 521 1752 736 1819; x_wconf 90' lang='lat' dir='ltr'>dibilia</span> <span class='ocrx_word' id='word_1_115' title='bbox 772 1752 1102 1839; x_wconf 86' lang='lat' dir='ltr'>adparent.</span> <span class='ocrx_word' id='word_1_116' title='bbox 1226 1754 1298 1817; x_wconf 93' lang='lat' dir='ltr'>In</span> <span class='ocrx_word' id='word_1_117' title='bbox 1331 1751 1700 1817; x_wconf 88' lang='lat' dir='ltr'>fabularum</span> <span class='ocrx_word' id='word_1_118' title='bbox 1728 1771 2067 1817; x_wconf 88' lang='lat' dir='ltr'>numerum</span> <span class='ocrx_word' id='word_1_119' title='bbox 2095 1751 2270 1818; x_wconf 88' lang='lat' dir='ltr'>haud</span> <span class='ocrx_word' id='word_1_120' title='bbox 2297 1750 2489 1815; x_wconf 91' lang='lat' dir='ltr'>dubie</span> <span class='ocrx_word' id='word_1_121' title='bbox 2515 1750 2952 1836; x_wconf 79' lang='lat' dir='ltr'>reponendum</span> 
     </span>
     <span class='ocr_line' id='line_1_15' title="bbox 523 1860 2956 1948; baseline -0.001 -20"><span class='ocrx_word' id='word_1_122' title='bbox 523 1863 693 1948; x_wconf 89' lang='lat' dir='ltr'>quod</span> <span class='ocrx_word' id='word_1_123' title='bbox 742 1869 969 1929; x_wconf 87' lang='lat' dir='ltr'>narrat</span> <span class='ocrx_word' id='word_1_124' title='bbox 1002 1862 1080 1928; x_wconf 91' lang='lat' dir='ltr'>de</span> <span class='ocrx_word' id='word_1_125' title='bbox 1112 1869 1304 1948; x_wconf 88' lang='lat' dir='ltr'>poeta</span> <span class='ocrx_word' id='word_1_126' title='bbox 1339 1862 1657 1927; x_wconf 89' lang='lat' dir='ltr'>amatorio</span> <span class='ocrx_word' id='word_1_127' title='bbox 1692 1861 1926 1948; x_wconf 90' lang='lat' dir='ltr'>poculo</span> <span class='ocrx_word' id='word_1_128' title='bbox 1961 1864 2025 1930; x_wconf 87' lang='lat' dir='ltr'>in</span> <span class='ocrx_word' id='word_1_129' title='bbox 2060 1860 2350 1927; x_wconf 85' lang='lat' dir='ltr'>furorem</span> <span class='ocrx_word' id='word_1_130' title='bbox 2395 1881 2589 1928; x_wconf 82' lang='lat' dir='ltr'>verso</span> <span class='ocrx_word' id='word_1_131' title='bbox 2622 1866 2684 1926; x_wconf 83' lang='lat' dir='ltr'>et</span> <span class='ocrx_word' id='word_1_132' title='bbox 2712 1862 2956 1946; x_wconf 78' lang='lat' dir='ltr'>aliquot</span> 
     </span>
     <span class='ocr_line' id='line_1_16' title="bbox 519 1971 2956 2060; baseline -0 -21"><span class='ocrx_word' id='word_1_133' title='bbox 519 1972 720 2039; x_wconf 89' lang='lat' dir='ltr'>libros</span> <span class='ocrx_word' id='word_1_134' title='bbox 753 1995 869 2060; x_wconf 89' lang='lat' dir='ltr'>per</span> <span class='ocrx_word' id='word_1_135' title='bbox 899 1974 1243 2041; x_wconf 84' lang='lat' dir='ltr'>intervalla</span> <span class='ocrx_word' id='word_1_136' title='bbox 1279 1974 1567 2038; x_wconf 89' lang='lat' dir='ltr'>insaniae</span> <span class='ocrx_word' id='word_1_137' title='bbox 1594 1973 2066 2039; x_wconf 85' lang='lat' dir='ltr'>conscribente.</span> <span class='ocrx_word' id='word_1_138' title='bbox 2181 1971 2555 2038; x_wconf 87' lang='lat' dir='ltr'>Lachmann</span> <span class='ocrx_word' id='word_1_139' title='bbox 2590 1978 2800 2038; x_wconf 81' lang='lat' dir='ltr'>tamen</span> <span class='ocrx_word' id='word_1_140' title='bbox 2836 1974 2956 2058; x_wconf 65' lang='lat' dir='ltr'>[ud</span> 
     </span>
     <span class='ocr_line' id='line_1_17' title="bbox 523 2083 2952 2176; baseline -0.003 -24"><span class='ocrx_word' id='word_1_141' title='bbox 523 2087 752 2162; x_wconf 62' lang='lat' dir='ltr'>Luem,</span> <span class='ocrx_word' id='word_1_142' title='bbox 804 2086 850 2163; x_wconf 93' lang='lat' dir='ltr'>I,</span> <span class='ocrx_word' id='word_1_143' title='bbox 899 2084 1054 2167; x_wconf 76' lang='lat'>922)</span> <span class='ocrx_word' id='word_1_144' title='bbox 1115 2083 1270 2149; x_wconf 88' lang='lat' dir='ltr'>nihil</span> <span class='ocrx_word' id='word_1_145' title='bbox 1321 2085 1582 2149; x_wconf 89' lang='lat' dir='ltr'>omnino</span> <span class='ocrx_word' id='word_1_146' title='bbox 1631 2083 1806 2176; x_wconf 87' lang='lat' dir='ltr'>quod</span> <span class='ocrx_word' id='word_1_147' title='bbox 1854 2083 2030 2150; x_wconf 88' lang='lat' dir='ltr'>credi</span> <span class='ocrx_word' id='word_1_148' title='bbox 2080 2104 2206 2150; x_wconf 87' lang='lat' dir='ltr'>non</span> <span class='ocrx_word' id='word_1_149' title='bbox 2254 2084 2457 2170; x_wconf 85' lang='lat' dir='ltr'>possit</span> <span class='ocrx_word' id='word_1_150' title='bbox 2504 2083 2566 2148; x_wconf 91' lang='lat' dir='ltr'>in</span> <span class='ocrx_word' id='word_1_151' title='bbox 2615 2083 2952 2170; x_wconf 63' lang='lat' dir='ltr'>Hierony-</span> 
     </span>
     <span class='ocr_line' id='line_1_18' title="bbox 521 2199 2956 2289; baseline -0.002 -27"><span class='ocrx_word' id='word_1_152' title='bbox 521 2199 747 2264; x_wconf 88' lang='lat' dir='ltr'>mianis</span> <span class='ocrx_word' id='word_1_153' title='bbox 797 2201 1064 2289; x_wconf 87' lang='lat' dir='ltr'>invenit.</span> <span class='ocrx_word' id='word_1_154' title='bbox 1190 2201 1383 2265; x_wconf 90' lang='lat' dir='ltr'>Visus</span> <span class='ocrx_word' id='word_1_155' title='bbox 1416 2202 1585 2265; x_wconf 90' lang='lat' dir='ltr'>enim</span> <span class='ocrx_word' id='word_1_156' title='bbox 1618 2205 1717 2265; x_wconf 89' lang='lat' dir='ltr'>est</span> <span class='ocrx_word' id='word_1_157' title='bbox 1752 2200 1811 2264; x_wconf 90' lang='lat' dir='ltr'>ei</span> <span class='ocrx_word' id='word_1_158' title='bbox 1844 2199 2381 2285; x_wconf 84' lang='lat' dir='ltr'>chronographus</span> <span class='ocrx_word' id='word_1_159' title='bbox 2413 2217 2544 2263; x_wconf 90' lang='lat' dir='ltr'>non</span> <span class='ocrx_word' id='word_1_160' title='bbox 2580 2202 2776 2262; x_wconf 77' lang='lat' dir='ltr'>totam</span> <span class='ocrx_word' id='word_1_161' title='bbox 2812 2218 2956 2282; x_wconf 75' lang='lat' dir='ltr'>pue-</span> 
     </span>
     <span class='ocr_line' id='line_1_19' title="bbox 523 2313 2952 2401; baseline 0 -23"><span class='ocrx_word' id='word_1_162' title='bbox 523 2314 643 2378; x_wconf 91' lang='lat' dir='ltr'>sim</span> <span class='ocrx_word' id='word_1_163' title='bbox 689 2333 806 2398; x_wconf 92' lang='lat' dir='ltr'>per</span> <span class='ocrx_word' id='word_1_164' title='bbox 851 2313 1197 2380; x_wconf 89' lang='lat' dir='ltr'>intervalla</span> <span class='ocrx_word' id='word_1_165' title='bbox 1247 2315 1538 2381; x_wconf 88' lang='lat' dir='ltr'>insaniae</span> <span class='ocrx_word' id='word_1_166' title='bbox 1572 2317 2005 2401; x_wconf 87' lang='lat' dir='ltr'>conscriptam</span> <span class='ocrx_word' id='word_1_167' title='bbox 2041 2316 2301 2395; x_wconf 87' lang='lat' dir='ltr'>dixisse,</span> <span class='ocrx_word' id='word_1_168' title='bbox 2337 2315 2451 2380; x_wconf 91' lang='lat' dir='ltr'>sed</span> <span class='ocrx_word' id='word_1_169' title='bbox 2483 2315 2764 2398; x_wconf 75' lang='lat' dir='ltr'>aliquam</span> <span class='ocrx_word' id='word_1_170' title='bbox 2800 2322 2952 2378; x_wconf 79' lang='lat' dir='ltr'>tan-</span> 
     </span>
     <span class='ocr_line' id='line_1_20' title="bbox 522 2426 2952 2514; baseline 0 -26"><span class='ocrx_word' id='word_1_171' title='bbox 522 2430 657 2488; x_wconf 88' lang='lat' dir='ltr'>tum</span> <span class='ocrx_word' id='word_1_172' title='bbox 706 2429 975 2508; x_wconf 88' lang='lat' dir='ltr'>partem.</span> <span class='ocrx_word' id='word_1_173' title='bbox 1114 2429 1328 2511; x_wconf 89' lang='lat' dir='ltr'>Atque</span> <span class='ocrx_word' id='word_1_174' title='bbox 1362 2427 1977 2514; x_wconf 78' lang='lat' dir='ltr'>investigationibus</span> <span class='ocrx_word' id='word_1_175' title='bbox 2013 2429 2144 2496; x_wconf 91' lang='lat' dir='ltr'>suis</span> <span class='ocrx_word' id='word_1_176' title='bbox 2179 2449 2381 2514; x_wconf 88' lang='lat' dir='ltr'>usque</span> <span class='ocrx_word' id='word_1_177' title='bbox 2416 2429 2578 2494; x_wconf 90' lang='lat' dir='ltr'>adeo</span> <span class='ocrx_word' id='word_1_178' title='bbox 2613 2426 2952 2512; x_wconf 72' lang='lat' dir='ltr'>processit.</span> 
     </span>
     <span class='ocr_line' id='line_1_21' title="bbox 521 2538 2948 2627; baseline 0.002 -29"><span class='ocrx_word' id='word_1_179' title='bbox 521 2541 593 2599; x_wconf 89' lang='lat' dir='ltr'>ut</span> <span class='ocrx_word' id='word_1_180' title='bbox 637 2555 867 2602; x_wconf 90' lang='lat' dir='ltr'>nomen</span> <span class='ocrx_word' id='word_1_181' title='bbox 918 2538 1112 2602; x_wconf 89' lang='lat' dir='ltr'>etiam</span> <span class='ocrx_word' id='word_1_182' title='bbox 1175 2538 1398 2604; x_wconf 82' lang='lat' dir='ltr'>uxoris</span> <span class='ocrx_word' id='word_1_183' title='bbox 1447 2539 1730 2604; x_wconf 89' lang='lat' dir='ltr'>Lucretii</span> <span class='ocrx_word' id='word_1_184' title='bbox 1776 2561 1847 2605; x_wconf 89' lang='lat' dir='ltr'>se</span> <span class='ocrx_word' id='word_1_185' title='bbox 1897 2543 2215 2627; x_wconf 88' lang='lat' dir='ltr'>reperisse</span> <span class='ocrx_word' id='word_1_186' title='bbox 2264 2542 2684 2606; x_wconf 84' lang='lat' dir='ltr'>existimaret..</span> <span class='ocrx_word' id='word_1_187' title='bbox 2824 2542 2948 2606; x_wconf 75' lang='lat' dir='ltr'>Sed</span> 
     </span>
     <span class='ocr_line' id='line_1_22' title="bbox 524 2647 2952 2735; baseline 0.002 -26"><span class='ocrx_word' id='word_1_188' title='bbox 524 2647 661 2711; x_wconf 85' lang='lat' dir='ltr'>eius</span> <span class='ocrx_word' id='word_1_189' title='bbox 726 2648 1157 2726; x_wconf 90' lang='lat' dir='ltr'>coniecturae,</span> <span class='ocrx_word' id='word_1_190' title='bbox 1224 2654 1293 2713; x_wconf 95' lang='lat' dir='ltr'>ut</span> <span class='ocrx_word' id='word_1_191' title='bbox 1358 2650 1785 2735; x_wconf 88' lang='lat' dir='ltr'>perspicuum,</span> <span class='ocrx_word' id='word_1_192' title='bbox 1854 2652 2010 2715; x_wconf 86' lang='lat' dir='ltr'>nulli</span> <span class='ocrx_word' id='word_1_193' title='bbox 2081 2651 2498 2716; x_wconf 87' lang='lat' dir='ltr'>fundamento</span> <span class='ocrx_word' id='word_1_194' title='bbox 2570 2650 2952 2714; x_wconf 80' lang='lat' dir='ltr'>innituntur.</span> 
     </span>
     <span class='ocr_line' id='line_1_23' title="bbox 524 2748 2956 2844; baseline 0.002 -27"><span class='ocrx_word' id='word_1_195' title='bbox 524 2755 705 2828; x_wconf 85' lang='lat' dir='ltr'>Quae</span> <span class='ocrx_word' id='word_1_196' title='bbox 755 2754 831 2818; x_wconf 90' lang='lat' dir='ltr'>de</span> <span class='ocrx_word' id='word_1_197' title='bbox 867 2755 1166 2820; x_wconf 90' lang='lat' dir='ltr'>Lucretio</span> <span class='ocrx_word' id='word_1_198' title='bbox 1213 2748 1717 2841; x_wconf 76' lang='lat' dir='ltr'>eiusqueuxore</span> <span class='ocrx_word' id='word_1_199' title='bbox 1753 2765 1977 2822; x_wconf 87' lang='lat' dir='ltr'>narrat</span> <span class='ocrx_word' id='word_1_200' title='bbox 2025 2759 2459 2844; x_wconf 80' lang='lat' dir='ltr'>Hieronymus</span> <span class='ocrx_word' id='word_1_201' title='bbox 2510 2777 2724 2822; x_wconf 76' lang='lat' dir='ltr'>nonne</span> <span class='ocrx_word' id='word_1_202' title='bbox 2776 2778 2956 2822; x_wconf 66' lang='lat' dir='ltr'>rern-</span> 
     </span>
     <span class='ocr_line' id='line_1_24' title="bbox 524 2863 2956 2950; baseline 0 -22"><span class='ocrx_word' id='word_1_203' title='bbox 524 2871 674 2929; x_wconf 89' lang='lat' dir='ltr'>cant</span> <span class='ocrx_word' id='word_1_204' title='bbox 709 2867 770 2929; x_wconf 91' lang='lat' dir='ltr'>in</span> <span class='ocrx_word' id='word_1_205' title='bbox 806 2868 1080 2929; x_wconf 82' lang='lat' dir='ltr'>mentem</span> <span class='ocrx_word' id='word_1_206' title='bbox 1119 2863 1399 2929; x_wconf 85' lang='lat' dir='ltr'>fabulam</span> <span class='ocrx_word' id='word_1_207' title='bbox 1435 2865 1607 2929; x_wconf 86' lang='lat' dir='ltr'>illam</span> <span class='ocrx_word' id='word_1_208' title='bbox 1644 2864 1720 2930; x_wconf 90' lang='lat' dir='ltr'>de</span> <span class='ocrx_word' id='word_1_209' title='bbox 1759 2867 2035 2932; x_wconf 86' lang='lat' dir='ltr'>Hercule</span> <span class='ocrx_word' id='word_1_210' title='bbox 2072 2875 2136 2933; x_wconf 89' lang='lat' dir='ltr'>et</span> <span class='ocrx_word' id='word_1_211' title='bbox 2168 2867 2515 2943; x_wconf 60' lang='lat' dir='ltr'>Deianira?</span> <span class='ocrx_word' id='word_1_212' title='bbox 2610 2869 2956 2950; x_wconf 75' lang='lat' dir='ltr'>Antiquam</span> 
     </span>
     <span class='ocr_line' id='line_1_25' title="bbox 524 2972 2956 3062; baseline 0.001 -26"><span class='ocrx_word' id='word_1_213' title='bbox 524 2972 815 3057; x_wconf 79' lang='lat' dir='ltr'>profecto</span> <span class='ocrx_word' id='word_1_214' title='bbox 865 2972 1147 3038; x_wconf 88' lang='lat' dir='ltr'>fabulam</span> <span class='ocrx_word' id='word_1_215' title='bbox 1198 2973 1615 3057; x_wconf 83' lang='lat' dir='ltr'>assignarunt</span> <span class='ocrx_word' id='word_1_216' title='bbox 1662 2976 2070 3059; x_wconf 84' lang='lat' dir='ltr'>grammatici</span> <span class='ocrx_word' id='word_1_217' title='bbox 2115 2983 2365 3060; x_wconf 90' lang='lat' dir='ltr'>poetae,</span> <span class='ocrx_word' id='word_1_218' title='bbox 2419 2976 2498 3041; x_wconf 92' lang='lat' dir='ltr'>de</span> <span class='ocrx_word' id='word_1_219' title='bbox 2550 2996 2676 3060; x_wconf 88' lang='lat' dir='ltr'>quo</span> <span class='ocrx_word' id='word_1_220' title='bbox 2728 2998 2956 3062; x_wconf 73' lang='lat' dir='ltr'>parum</span> 
     </span>
    </p>

    <p class='ocr_par' dir='ltr' id='par_1_4' title="bbox 473 3078 2956 3281">
     <span class='ocr_line' id='line_1_26' title="bbox 525 3078 2956 3173; baseline 0.001 -25"><span class='ocrx_word' id='word_1_221' title='bbox 525 3084 882 3148; x_wconf 87' lang='lat' dir='ltr'>constabat.</span> <span class='ocrx_word' id='word_1_222' title='bbox 1007 3083 1164 3173; x_wconf 88' lang='lat' dir='ltr'>Item</span> <span class='ocrx_word' id='word_1_223' title='bbox 1199 3081 1280 3148; x_wconf 89' lang='lat' dir='ltr'>ad</span> <span class='ocrx_word' id='word_1_224' title='bbox 1329 3078 1614 3148; x_wconf 85' lang='lat' dir='ltr'>furorem</span> <span class='ocrx_word' id='word_1_225' title='bbox 1651 3087 1708 3148; x_wconf 81' lang='lat' dir='ltr'>ei</span> <span class='ocrx_word' id='word_1_226' title='bbox 1743 3085 2149 3150; x_wconf 88' lang='lat' dir='ltr'>tribuendum</span> <span class='ocrx_word' id='word_1_227' title='bbox 2185 3086 2426 3152; x_wconf 87' lang='lat' dir='ltr'>inducti</span> <span class='ocrx_word' id='word_1_228' title='bbox 2459 3093 2609 3151; x_wconf 88' lang='lat' dir='ltr'>sunt</span> <span class='ocrx_word' id='word_1_229' title='bbox 2654 3105 2688 3150; x_wconf 83' lang='lat' dir='ltr'>a</span> <span class='ocrx_word' id='word_1_230' title='bbox 2740 3086 2956 3150; x_wconf 66' lang='lat' dir='ltr'>surore</span> 
     </span>
     <span class='ocr_line' id='line_1_27' title="bbox 473 3173 2382 3281; baseline 0.002 -24"><span class='ocrx_word' id='word_1_231' title='bbox 473 3173 479 3180; x_wconf 54' lang='grc'><strong>’</strong></span> <span class='ocrx_word' id='word_1_232' title='bbox 524 3194 798 3278; x_wconf 88' lang='lat' dir='ltr'>poetic0,</span> <span class='ocrx_word' id='word_1_233' title='bbox 847 3193 925 3258; x_wconf 89' lang='lat' dir='ltr'>de</span> <span class='ocrx_word' id='word_1_234' title='bbox 976 3213 1101 3279; x_wconf 90' lang='lat' dir='ltr'>quo</span> <span class='ocrx_word' id='word_1_235' title='bbox 1151 3193 1322 3258; x_wconf 89' lang='lat' dir='ltr'>canit</span> <span class='ocrx_word' id='word_1_236' title='bbox 1369 3194 1613 3258; x_wconf 88' lang='lat' dir='ltr'>Statius</span> <span class='ocrx_word' id='word_1_237' title='bbox 1665 3193 1937 3279; x_wconf 71' lang='lat' dir='ltr'>(Silvae,</span> <span class='ocrx_word' id='word_1_238' title='bbox 1987 3196 2066 3274; x_wconf 89' lang='lat' dir='ltr'>II,</span> <span class='ocrx_word' id='word_1_239' title='bbox 2118 3199 2178 3273; x_wconf 91' lang='lat'>7,</span> <span class='ocrx_word' id='word_1_240' title='bbox 2228 3196 2382 3281; x_wconf 88' lang='lat'><strong>77):</strong></span> 
     </span>
    </p>
   </div>
   <div class='ocr_carea' id='block_1_3' title="bbox 1203 3365 2231 3421">
    <p class='ocr_par' dir='ltr' id='par_1_5' title="bbox 1203 3365 2231 3421">
     <span class='ocr_line' id='line_1_28' title="bbox 1203 3365 2231 3421; baseline 0 -1"><span class='ocrx_word' id='word_1_241' title='bbox 1203 3405 1218 3420; x_wconf 93' lang='lat'>.</span> <span class='ocrx_word' id='word_1_242' title='bbox 1259 3406 1272 3420; x_wconf 95' lang='lat'>.</span> <span class='ocrx_word' id='word_1_243' title='bbox 1313 3407 1324 3420; x_wconf 91' lang='lat'>.</span> <span class='ocrx_word' id='word_1_244' title='bbox 1365 3366 1510 3420; x_wconf 89' lang='lat' dir='ltr'>docti</span> <span class='ocrx_word' id='word_1_245' title='bbox 1549 3365 1706 3420; x_wconf 87' lang='lat' dir='ltr'>furor</span> <span class='ocrx_word' id='word_1_246' title='bbox 1746 3366 1953 3421; x_wconf 86' lang='lat' dir='ltr'>arduus</span> <span class='ocrx_word' id='word_1_247' title='bbox 1991 3367 2231 3421; x_wconf 88' lang='lat' dir='ltr'>Lucreti.</span> 
     </span>
    </p>
   </div>
   <div class='ocr_carea' id='block_1_4' title="bbox 527 3517 2964 4482">
    <p class='ocr_par' dir='ltr' id='par_1_6' title="bbox 527 3517 2960 3928">
     <span class='ocr_line' id='line_1_29' title="bbox 529 3517 2960 3604; baseline -0.001 -20"><span class='ocrx_word' id='word_1_248' title='bbox 529 3518 690 3584; x_wconf 88' lang='lat' dir='ltr'>Cum</span> <span class='ocrx_word' id='word_1_249' title='bbox 740 3518 938 3604; x_wconf 88' lang='lat' dir='ltr'>igitur</span> <span class='ocrx_word' id='word_1_250' title='bbox 984 3517 1335 3583; x_wconf 83' lang='lat' dir='ltr'>refellenda</span> <span class='ocrx_word' id='word_1_251' title='bbox 1379 3519 1505 3583; x_wconf 88' lang='lat' dir='ltr'>sint</span> <span class='ocrx_word' id='word_1_252' title='bbox 1553 3537 1718 3602; x_wconf 88' lang='lat' dir='ltr'>quae</span> <span class='ocrx_word' id='word_1_253' title='bbox 1765 3517 1844 3582; x_wconf 89' lang='lat' dir='ltr'>de</span> <span class='ocrx_word' id='word_1_254' title='bbox 1896 3519 2180 3584; x_wconf 91' lang='lat' dir='ltr'>Lucretii</span> <span class='ocrx_word' id='word_1_255' title='bbox 2229 3524 2437 3584; x_wconf 88' lang='lat' dir='ltr'>morte</span> <span class='ocrx_word' id='word_1_256' title='bbox 2487 3517 2748 3584; x_wconf 77' lang='lat' dir='ltr'>tradidit</span> <span class='ocrx_word' id='word_1_257' title='bbox 2796 3522 2960 3582; x_wconf 75' lang='lat' dir='ltr'>Hie-</span> 
     </span>
     <span class='ocr_line' id='line_1_30' title="bbox 527 3627 2960 3713; baseline 0.001 -21"><span class='ocrx_word' id='word_1_258' title='bbox 527 3647 861 3713; x_wconf 83' lang='lat' dir='ltr'>ronymus,</span> <span class='ocrx_word' id='word_1_259' title='bbox 898 3648 1024 3712; x_wconf 89' lang='lat' dir='ltr'>qua</span> <span class='ocrx_word' id='word_1_260' title='bbox 1061 3628 1138 3706; x_wconf 87' lang='lat' dir='ltr'>de</span> <span class='ocrx_word' id='word_1_261' title='bbox 1173 3643 1366 3692; x_wconf 85' lang='lat' dir='ltr'>causa</span> <span class='ocrx_word' id='word_1_262' title='bbox 1403 3627 1837 3712; x_wconf 87' lang='lat' dir='ltr'>adprobemus</span> <span class='ocrx_word' id='word_1_263' title='bbox 1863 3649 2031 3713; x_wconf 90' lang='lat' dir='ltr'>quae</span> <span class='ocrx_word' id='word_1_264' title='bbox 2065 3628 2142 3693; x_wconf 93' lang='lat' dir='ltr'>de</span> <span class='ocrx_word' id='word_1_265' title='bbox 2172 3628 2621 3693; x_wconf 88' lang='lat' dir='ltr'>emendatione</span> <span class='ocrx_word' id='word_1_266' title='bbox 2656 3630 2960 3694; x_wconf 62' lang='lat' dir='ltr'>cannitiis</span> 
     </span>
     <span class='ocr_line' id='line_1_31' title="bbox 527 3729 2960 3823; baseline 0.002 -23"><span class='ocrx_word' id='word_1_267' title='bbox 527 3739 664 3802; x_wconf 90' lang='lat' dir='ltr'>eius</span> <span class='ocrx_word' id='word_1_268' title='bbox 712 3735 846 3822; x_wconf 88' lang='lat' dir='ltr'>ipse</span> <span class='ocrx_word' id='word_1_269' title='bbox 881 3738 1317 3822; x_wconf 88' lang='lat' dir='ltr'>Hieronymus</span> <span class='ocrx_word' id='word_1_270' title='bbox 1352 3729 1676 3802; x_wconf 62' lang='lat' dir='ltr'>asseruit?</span> <span class='ocrx_word' id='word_1_271' title='bbox 1803 3738 2125 3803; x_wconf 89' lang='lat' dir='ltr'>Fabulosa</span> <span class='ocrx_word' id='word_1_272' title='bbox 2162 3759 2326 3823; x_wconf 87' lang='lat' dir='ltr'>quae</span> <span class='ocrx_word' id='word_1_273' title='bbox 2360 3746 2587 3804; x_wconf 88' lang='lat' dir='ltr'>narrat</span> <span class='ocrx_word' id='word_1_274' title='bbox 2635 3742 2960 3806; x_wconf 72' lang='lat' dir='ltr'>cautiores</span> 
     </span>
     <span class='ocr_line' id='line_1_32' title="bbox 529 3846 2187 3928; baseline 0.001 -14"><span class='ocrx_word' id='word_1_275' title='bbox 529 3870 648 3915; x_wconf 94' lang='lat' dir='ltr'>nos</span> <span class='ocrx_word' id='word_1_276' title='bbox 697 3849 958 3928; x_wconf 89' lang='lat' dir='ltr'>faciant,</span> <span class='ocrx_word' id='word_1_277' title='bbox 1010 3870 1090 3914; x_wconf 91' lang='lat' dir='ltr'>ne</span> <span class='ocrx_word' id='word_1_278' title='bbox 1143 3856 1384 3914; x_wconf 90' lang='lat' dir='ltr'>temere</span> <span class='ocrx_word' id='word_1_279' title='bbox 1434 3852 1495 3914; x_wconf 92' lang='lat' dir='ltr'>in</span> <span class='ocrx_word' id='word_1_280' title='bbox 1548 3846 1774 3915; x_wconf 87' lang='lat' dir='ltr'>errore</span> <span class='ocrx_word' id='word_1_281' title='bbox 1828 3870 2187 3916; x_wconf 88' lang='lat' dir='ltr'>versemur.</span> 
     </span>
    </p>

    <p class='ocr_par' dir='ltr' id='par_1_7' title="bbox 531 3948 2964 4482">
     <span class='ocr_line' id='line_1_33' title="bbox 705 3948 2961 4046; baseline 0.002 -25"><span class='ocrx_word' id='word_1_282' title='bbox 705 3958 886 4022; x_wconf 87' lang='lat' dir='ltr'>Haec</span> <span class='ocrx_word' id='word_1_283' title='bbox 919 3959 1135 4022; x_wconf 91' lang='lat' dir='ltr'>omnia</span> <span class='ocrx_word' id='word_1_284' title='bbox 1164 3948 1425 4023; x_wconf 84' lang='lat' dir='ltr'>maximi</span> <span class='ocrx_word' id='word_1_285' title='bbox 1459 3959 1760 4024; x_wconf 88' lang='lat' dir='ltr'>momenti</span> <span class='ocrx_word' id='word_1_286' title='bbox 1798 3979 1939 4024; x_wconf 90' lang='lat' dir='ltr'>esse</span> <span class='ocrx_word' id='word_1_287' title='bbox 1990 3959 2595 4027; x_wconf 85' lang='lat' dir='ltr'>animadverterunt</span> <span class='ocrx_word' id='word_1_288' title='bbox 2628 3962 2816 4026; x_wconf 75' lang='lat' dir='ltr'>eliam</span> <span class='ocrx_word' id='word_1_289' title='bbox 2856 3962 2961 4046; x_wconf 80' lang='lat' dir='ltr'>qni</span> 
     </span>
     <span class='ocr_line' id='line_1_34' title="bbox 531 4067 2960 4152; baseline 0.002 -22"><span class='ocrx_word' id='word_1_290' title='bbox 531 4067 908 4152; x_wconf 89' lang='lat' dir='ltr'>Hieronymi</span> <span class='ocrx_word' id='word_1_291' title='bbox 957 4068 1390 4132; x_wconf 87' lang='lat' dir='ltr'>testimonium</span> <span class='ocrx_word' id='word_1_292' title='bbox 1439 4068 2051 4152; x_wconf 84' lang='lat' dir='ltr'>comprobaverunt,</span> <span class='ocrx_word' id='word_1_293' title='bbox 2102 4069 2267 4134; x_wconf 88' lang='lat' dir='ltr'>adeo</span> <span class='ocrx_word' id='word_1_294' title='bbox 2330 4076 2400 4134; x_wconf 92' lang='lat' dir='ltr'>ut</span> <span class='ocrx_word' id='word_1_295' title='bbox 2448 4071 2960 4135; x_wconf 75' lang='lat' dir='ltr'>emendationem</span> 
     </span>
     <span class='ocr_line' id='line_1_35' title="bbox 533 4165 2960 4262; baseline 0.001 -23"><span class='ocrx_word' id='word_1_296' title='bbox 533 4176 830 4259; x_wconf 87' lang='lat' dir='ltr'>Epicurei</span> <span class='ocrx_word' id='word_1_297' title='bbox 881 4177 1182 4241; x_wconf 91' lang='lat' dir='ltr'>carminis</span> <span class='ocrx_word' id='word_1_298' title='bbox 1218 4175 1299 4240; x_wconf 91' lang='lat' dir='ltr'>ab</span> <span class='ocrx_word' id='word_1_299' title='bbox 1336 4178 1653 4241; x_wconf 86' lang='lat' dir='ltr'>acerrimo</span> <span class='ocrx_word' id='word_1_300' title='bbox 1688 4165 2018 4260; x_wconf 84' lang='lat' dir='ltr'>Epicureis</span> <span class='ocrx_word' id='word_1_301' title='bbox 2052 4176 2361 4242; x_wconf 89' lang='lat' dir='ltr'>doctrinis</span> <span class='ocrx_word' id='word_1_302' title='bbox 2397 4179 2772 4244; x_wconf 70' lang='lat' dir='ltr'>adversario</span> <span class='ocrx_word' id='word_1_303' title='bbox 2808 4202 2960 4262; x_wconf 77' lang='lat' dir='ltr'>per-</span> 
     </span>
     <span class='ocr_line' id='line_1_36' title="bbox 533 4280 2964 4370; baseline 0.002 -24"><span class='ocrx_word' id='word_1_304' title='bbox 533 4280 767 4349; x_wconf 88' lang='lat' dir='ltr'>fectam</span> <span class='ocrx_word' id='word_1_305' title='bbox 817 4284 978 4370; x_wconf 91' lang='lat' dir='ltr'>(rem</span> <span class='ocrx_word' id='word_1_306' title='bbox 1012 4283 1305 4368; x_wconf 88' lang='lat' dir='ltr'>profecto</span> <span class='ocrx_word' id='word_1_307' title='bbox 1338 4283 1533 4350; x_wconf 88' lang='lat' dir='ltr'>valde</span> <span class='ocrx_word' id='word_1_308' title='bbox 1566 4283 1949 4368; x_wconf 88' lang='lat' dir='ltr'>mirabilem)</span> <span class='ocrx_word' id='word_1_309' title='bbox 1985 4286 2299 4370; x_wconf 89' lang='lat' dir='ltr'>probabili</span> <span class='ocrx_word' id='word_1_310' title='bbox 2334 4288 2580 4352; x_wconf 83' lang='lat' dir='ltr'>ratione</span> <span class='ocrx_word' id='word_1_311' title='bbox 2621 4290 2964 4351; x_wconf 76' lang='lat' dir='ltr'>enucleare</span> 
     </span>
     <span class='ocr_line' id='line_1_37' title="bbox 533 4393 2960 4482; baseline 0.002 -24"><span class='ocrx_word' id='word_1_312' title='bbox 533 4400 946 4460; x_wconf 89' lang='lat' dir='ltr'>conarentur.</span> <span class='ocrx_word' id='word_1_313' title='bbox 1088 4397 1315 4480; x_wconf 87' lang='lat' dir='ltr'>Itaque</span> <span class='ocrx_word' id='word_1_314' title='bbox 1348 4397 1581 4461; x_wconf 89' lang='lat' dir='ltr'>Munro</span> <span class='ocrx_word' id='word_1_315' title='bbox 1629 4395 1882 4461; x_wconf 87' lang='lat' dir='ltr'>censuit</span> <span class='ocrx_word' id='word_1_316' title='bbox 1923 4393 2078 4482; x_wconf 82' lang='lat' dir='ltr'>(vol.</span> <span class='ocrx_word' id='word_1_317' title='bbox 2112 4395 2186 4471; x_wconf 91' lang='lat'>11,</span> <span class='ocrx_word' id='word_1_318' title='bbox 2238 4415 2297 4480; x_wconf 92' lang='lat' dir='ltr'>p.</span> <span class='ocrx_word' id='word_1_319' title='bbox 2335 4396 2366 4460; x_wconf 91' lang='lat'><strong>1</strong></span> <span class='ocrx_word' id='word_1_320' title='bbox 2406 4393 2573 4481; x_wconf 86' lang='lat' dir='ltr'>sqq.)</span> <span class='ocrx_word' id='word_1_321' title='bbox 2608 4395 2780 4462; x_wconf 75' lang='lat' dir='ltr'>haud</span> <span class='ocrx_word' id='word_1_322' title='bbox 2832 4398 2960 4462; x_wconf 70' lang='lat' dir='ltr'>ilif-</span> 
     </span>
    </p>
   </div>
   <div class='ocr_carea' id='block_1_5' title="bbox 535 4502 2964 4601">
    <p class='ocr_par' dir='ltr' id='par_1_8' title="bbox 535 4502 2964 4601">
     <span class='ocr_line' id='line_1_38' title="bbox 535 4502 2964 4601; baseline 0.003 -31"><span class='ocrx_word' id='word_1_323' title='bbox 535 4502 697 4572; x_wconf 90' lang='lat' dir='ltr'>ficile</span> <span class='ocrx_word' id='word_1_324' title='bbox 725 4527 867 4573; x_wconf 87' lang='lat' dir='ltr'>esse</span> <span class='ocrx_word' id='word_1_325' title='bbox 895 4507 1262 4575; x_wconf 87' lang='lat' dir='ltr'>Lucretium</span> <span class='ocrx_word' id='word_1_326' title='bbox 1294 4508 1953 4594; x_wconf 27' lang='lat' dir='ltr'>Ciceronisvtjirtutem</span> <span class='ocrx_word' id='word_1_327' title='bbox 1981 4510 2043 4574; x_wconf 87' lang='lat' dir='ltr'>in</span> <span class='ocrx_word' id='word_1_328' title='bbox 2079 4511 2368 4596; x_wconf 90' lang='lat' dir='ltr'>gerenda</span> <span class='ocrx_word' id='word_1_329' title='bbox 2404 4532 2471 4576; x_wconf 91' lang='lat' dir='ltr'>re</span> <span class='ocrx_word' id='word_1_330' title='bbox 2497 4511 2772 4601; x_wconf 77' lang='lat' dir='ltr'>publica,</span> <span class='ocrx_word' id='word_1_331' title='bbox 2804 4514 2964 4578; x_wconf 77' lang='lat' dir='ltr'>eius-</span> 
     </span>
    </p>
   </div>
  </div>
 </body>
</html>
