3592 4942
1584 205 1897 279 ...9.-

659 353 1047 428 Pei-difficile
1067 352 1323 449 quidem
1351 355 1670 449 inceptum
1697 362 2113 450 sumpserunt
2130 357 2238 450 qui
2261 356 2709 431 demonstrare
2739 357 2957 432 conati

525 475 677 536 sunt
703 470 1082 540 Ciceronem
1116 482 1378 559 operam
1399 472 1651 540 dedisse
1679 472 1961 540 Lucretii
1988 490 2256 539 carmini
2282 471 2708 541 emendando
2804 473 2957 542 Ceri
3008 505 3012 510 ·

524 588 656 647 tum
696 590 794 648 est
843 584 1009 649 enim
1047 591 1242 671 atque
1277 586 1571 651 omnibus
1607 583 2019 652 manifestum
2068 586 2447 651 Ciceronem
2484 587 2951 672 Epicureorum

527 691 834 757 doctrinis
883 695 1271 759 acerrimum
1306 695 1754 761 adversarium
1789 714 2046 779 semper
2085 694 2301 761 fuisse.
2420 696 2679 761 Acriter
2710 697 2956 782 Epicu-

525 819 671 865 reos
693 803 1123 886 reprehendit,
1166 824 1202 868 ‹<
1229 805 1336 887 qui
1368 803 1719 891 voluptatis
1753 803 2179 888 patrocinium
2213 804 2567 888 suscipiant
2592 805 2701 888 (de
2744 805 2952 878 Orat..

522 909 585 985 3,
639 910 740 1003 17,
792 912 939 998 63);
968 935 1001 975 »
1063 935 1098 978 «
1125 915 1232 998 qui
1283 913 1582 979 dicantur
1612 920 1878 998 praeter
1907 919 2163 978 ceteros
2198 933 2340 978 esse
2376 921 2678 979 auctores
2728 906 2788 982 et
2824 914 2956 978 lau-

523 1021 783 1089 datores
830 1024 1177 1111 voluptatis
1219 1076 1235 1092 .
1273 1076 1286 1090 .
1327 1077 1340 1090 .
1379 1062 1392 1089 ‡.
1429 1077 1444 1091 .
1497 1045 1659 1109 quos
1727 1024 2073 1091 adfirmare
2131 1045 2259 1090 non
2308 1006 2544 1109 pudeat
2592 1024 2748 1096 nihil
2812 1046 2952 1090 ease

523 1136 976 1217 praestabilius
1011 1138 1217 1202 otiosa
1252 1138 1404 1220 vita,
1441 1137 1633 1221 plena
1669 1143 1732 1209 et
1764 1136 2058 1202 conferta
2102 1136 2576 1220 voluptatibus;
2624 1137 2729 1222 qui
2766 1118 2956 1202 asse-

526 1251 670 1309 rant
703 1247 1046 1312 vaticInari
1080 1254 1273 1331 atque
1322 1244 1606 1311 insanire
1657 1266 1790 1324 eos,
1843 1247 1951 1331 qui
2000 1246 2218 1311 dicant
2266 1245 2561 1332 dignitati
2611 1267 2755 1320 esse
2804 1268 2952 1310 ser-

521 1354 846 1432 viendum,
898 1357 993 1422 rei
1025 1357 1322 1442 publicae
1370 1355 1855 1443 consulendum,
1922 1362 2043 1420 etc,
2094 1355 2261 1442 (Pro
2305 1353 2539 1432 Sestio,
2593 1357 2697 1434 10,
2746 1358 2876 1442 23).
2908 1378 2944 1418 :a

523 1463 602 1527 Et
635 1463 696 1526 in
745 1465 1098 1548 Epicureos
1147 1465 1478 1531 invehitur
1529 1487 1564 1528 «
1593 1465 1701 1548 qui
1749 1463 2095 1529 adfirment
2143 1465 2465 1529 hominem
2512 1465 2676 1552 bene
2724 1486 2952 1530 sanum

445 1573 448 1577 ’
522 1591 648 1635 non
699 1580 996 1656 oportere
1030 1593 1165 1637 rem
1215 1573 1532 1658 publicam
1582 1570 1934 1656 capessere
1958 1570 2175 1659 (ibid.)
2206 1593 2219 1649 3
2252 1592 2289 1634 »
2329 1578 2394 1637 et
2433 1557 2824 1638 «societatis
2860 1578 2956 1638 rei

518 1682 816 1766 publicae
863 1691 1114 1768 partem
1163 1705 1280 1750 nec
1327 1690 1599 1749 noscant
1646 1683 1865 1760 ullam,
1912 1703 2119 1768 neque
2169 1702 2450 1768 unquam
2498 1684 2800 1750 noverint
2848 1686 2956 1770 [rin

521 1792 702 1876 Ley„
757 1794 813 1872 1,
868 1794 970 1871 13,
1020 1793 1154 1878 39).
1192 1815 1228 1857 >›
1370 1794 1652 1860 Causam
1717 1812 1835 1858 cur
1898 1799 1995 1859 tot
2042 1794 2301 1877 Epicuri
2352 1793 2643 1878 discipuli
2705 1780 2952 1860 Romae

451 1967 453 1970 ⁴
519 1899 848 1983 florerent,
898 1902 1066 1968 hanc
1116 1912 1476 1968 memorat:
1530 1923 1567 1968 «
1601 1903 1739 1969 sive
1792 1901 1964 1987 quod
2013 1907 2155 1966 erat
2201 1902 2541 1987 (Epicurea
2592 1901 2952 1988 disciplina)

522 2013 786 2096 cognitu
832 2013 1176 2096 perfacilis,
1227 2012 1364 2079 sive
1407 2012 1578 2099 quod
1618 2012 2063 2078 invitabantur
2094 2010 2584 2098 (multitudines)
2631 2012 2952 2078 illecebris

521 2113 799 2187 blandae
828 2123 1174 2208 voluptatis
1210 2122 1540 2208 (Tu-seul„
1576 2123 1637 2197 4,
1665 2123 1725 2198 3,
1763 2122 1848 2206 6).
1876 2143 1915 2187 ›>
2032 2122 2339 2188 Potuitne
2374 2121 2844 2207 unqua'm'fieri,
2884 2130 2952 2186 nt

527 2236 656 2294 tam
699 2250 850 2295 acer
883 2235 1013 2296 tam
1047 2215 1344 2315 pertinax
1386 2232 1742 2316 Epicureae
1785 2231 2116 2296 doctrinae
2150 2230 2567 2296 adversarius
2617 2250 2775 2316 opus
2828 2234 2948 2298 illis

524 2338 831 2403 doctrinis
866 2339 1174 2404 refertum
1209 2332 1404 2424 atque
1449 2339 1530 2404 ad
1581 2359 1690 2404 eas
1725 2338 2131 2424 evulgandas
2176 2338 2472 2403 consulto
2523 2342 2944 2424 compositum

523 2451 895 2516 emendaret
943 2457 1007 2516 et
1055 2451 1327 2516 ederet?
1453 2434 1762 2537 Equidem
1821 2450 2083 2515 infitiari
2135 2470 2265 2515 non
2313 2455 2527 2535 potest
2573 2449 2952 2515 Ciceronem

520 2561 867 2645 Epicurum
901 2561 1106 2644 ipsum
1154 2561 1482 2647 appellare
1520 2580 1558 2625 «
1584 2566 1647 2625 et
1687 2561 1928 2626 bonum
1963 2561 2175 2628 virum
2210 2567 2274 2624 et
2321 2580 2567 2625 comem
2603 2565 2667 2624 et
2712 2561 2952 2625 huma-

519 2690 672 2734 num
720 2671 828 2756 (de
868 2668 1045 2746 Fz'n„
1094 2672 1156 2748 2,
1211 2675 1313 2748 15,
1351 2672 1567 2756 49)i;»
1624 2692 1744 2736 nec
1792 2671 1981 2736 modo
2032 2671 2404 2755 Epicurum,
2453 2670 2565 2736 sed
2599 2672 2952 2756 Epicureus

522 2801 778 2866 quoque
826 2781 1130 2846 laudare:
1185 2804 1220 2846 «
1249 2783 1344 2848 Ac
1388 2782 1540 2848 mihi
1589 2782 1847 2868 quidem
1896 2782 2068 2866 quod
2116 2788 2180 2846 et
2226 2783 2362 2868 ipse
2411 2780 2780 2867 (Epicurus)
2832 2782 2952 2846 hu-

521 2911 641 2954 nus
692 2892 794 2956 vir
840 2890 981 2964 fuit,
1019 2898 1080 2954 et
1115 2890 1294 2956 multi
1329 2893 1627 2976 Epicurei
1659 2891 1923 2956 fuerunt
1956 2898 2019 2956 et
2052 2890 2243 2966 hodie
2278 2895 2433 2955 sunt
2465 2896 2530 2955 et
2576 2891 2641 2955 in
2674 2894 2952 2955 amicitia

524 2997 743 3063 fideles
793 3004 856 3063 et
905 3000 968 3063 in
1019 3000 1191 3066 omni
1231 3002 1366 3088 vita
1416 3005 1790 3066 constantes
1841 3006 1905 3065 et
1952 3019 2213 3085 graveS,
2266 3020 2394 3066 nec·
2432 2999 2788 3086 voluptate,
2840 3002 2952 3066 sed

523 3105 730 3171 officio
789 3108 1057 3172 consilia
1116 3108 1548 3186 moderanteS,
1599 3109 1722 3174 hoc
1771 3108 2032 3176 videtur
2079 3109 2285 3181 maior
2332 3109 2433 3174 vis
2482 3108 2840 3174 honestatis
2892 3118 2952 3174 et

521 3218 732 3282 minor
779 3218 1132 3304 voluptatis
1168 3218 1382 3304 (ibat,
1418 3221 1480 3296 2,
1515 3221 1621 3296 25,
1659 3220 1792 3304 81).
1822 3242 1860 3286 >>
1988 3220 2194 3296 Quam
2228 3239 2388 3285 vero
2436 3219 2691 3284 laudem
2728 3222 2956 3286 minuit

520 3327 619 3392 his
651 3328 905 3394 verbis:
956 3329 1171 3416 «mihi
1223 3329 1523 3395 videntur
1571 3330 1798 3396 melius
1847 3330 2061 3396 facere
2111 3349 2302 3424 quam
2337 3329 2650 3408 dicere3»
2692 3351 2768 3395 ac
2816 3354 2960 3414 prn-

524 3437 743 3503 fitetur
789 3459 858 3502 se
917 3438 1218 3516 Amasim,
1282 3440 1527 3517 Rabiri,
1588 3446 2083 3525 ceterorum-que
2149 3430 2617 3524 Epicureorum
2679 3442 2952 3506 Latium-

523 3567 667 3611 rum
699 3548 900 3613 libros
927 3569 1255 3633 nunquam
1302 3549 1582 3635 legisse:
1637 3573 1674 3615 ‹<
1706 3551 1823 3615 Est
1863 3551 2032 3615 enim
2080 3550 2401 3634 quoddam
2450 3569 2656 3634 genus
2706 3570 2952 3626 eorum,

525 3655 631 3738 qui
666 3675 735 3719 se
783 3655 1202 3741 philosophos
1237 3658 1544 3742 appellari
1593 3658 1838 3734 volunt,
1876 3678 2151 3743 quorum
2199 3658 2505 3723 dicuntur
2552 3678 2696 3724 esse
2746 3660 2956 3724 Latini

461 3818 472 3828 .
523 3762 707 3828 multi
755 3783 912 3827 sane
959 3763 1124 3841 libri,
1176 3785 1336 3849 quos
1385 3786 1515 3831 non
1565 3772 1909 3831 contemno
1959 3766 2275 3850 equidem,
2320 3768 2549 3852 quippe
2586 3787 2747 3852 quos
2784 3790 2956 3830 uun-

526 3895 717 3959 quam
768 3874 1056 3961 legerim,
1103 3875 1216 3940 sed
1266 3878 1417 3962 quia
1463 3876 1852 3962 profitentur
1897 3879 2014 3963 ipsi
2062 3878 2169 3953 illi,
2207 3879 2316 3963 qui
2364 3897 2476 3944 eos
2524 3880 2836 3954 scribunt,
2888 3902 2956 3942 aa

527 4003 732 4067 neque
784 3983 1097 4058 distincte,
1147 4004 1355 4070 neque
1405 3984 1762 4063 distribute,
1814 3976 2050 4071 neque'
2078 3987 2428 4072 eleganter,
2470 4005 2681 4071 neque
2728 3997 2956 4052 ornate

527 4093 832 4168 scribere,
858 4092 1198 4159 lectionem
1233 4097 1371 4159 sine
1405 4095 1538 4161 ulla
1573 4095 1995 4161 delectatione
2030 4095 2285 4182 negligo
2311 4097 2804 4182 (Tzcscul.‚2,3,
2828 4098 2948 4178 *iffi

528 4202 846 4268 Adfirmat
909 4205 1102 4269 etiam
1164 4205 1514 4289 Epicureos
1563 4206 1812 4287 litteras
1862 4205 1999 4272 fere
2046 4205 2380 4292 negligere
2414 4206 2623 4271 solere
2659 4207 2754 4292 (in
2788 4210 2956 4282 Pia,

527 4315 632 4391 29,
684 4316 796 4396 70)
844 4312 906 4380 et
955 4317 1422 4400 Epicureorum
1470 4317 1879 4404 eloquentiae
1930 4338 2136 4404 genus
2187 4317 2444 4383 minime
2492 4324 2707 4403 aptum
2759 4318 2837 4382 aul
2876 4318 2960 4382 ili-

527 4424 802 4490 cendum
835 4444 978 4492 esse
1016 4427 1257 4512 (Brut,
1293 4426 1400 4504 35,
1439 4426 1614 4512 131).
